4784 5675
1116 413 1184 487 117⁴

330 643 399 717 sibi
425 642 495 715 visi
521 644 595 715 sint
621 642 771 739 ejusque
797 642 947 715 nomine
974 642 1251 741 appellaverint,
1278 611 1363 715 cum
1384 668 1428 714 eo
1449 642 1497 714 ab
1517 639 1621 715 'omni
1640 654 1744 740 parte
1766 656 1985 741 congruant.

258 866 261 871 Ι
327 768 487 845 Eorum·
502 780 625 845 autem
657 764 840 843 rationem
872 772 988 843 secuti
1018 768 1176 843 Romani
1208 783 1245 844 et
1275 772 1314 843 in
1342 768 1461 877 Gallia
1491 770 1636 868 belgica
1666 770 1759 843 odeo
1786 770 1985 844 Herculem
2021 761 2023 766 ’
2072 749 2106 790 “’
2154 823 2159 836 .

328 898 541 996 Neptunum
565 898 797 989 invenerunt,
832 910 868 970 et
892 897 1035 974 Drusus
1062 900 1172 971 etiam
1197 898 1350 972 ulterius
1376 923 1443 996 per
1469 895 1705 972 Germaniam
1732 922 1989 995 oceanumque

329 1014 668 1125 septemtrionalem
704 1026 744 1099 in
782 1050 866 1099 eum
904 1025 1088 1122 inquirere
1125 1028 1283 1100 tentavit
1322 1024 1468 1125 (Germ.
1495 1050 1525 1098 c.
1552 1026 1670 1098 3401.
1698 1041 1727 1102 c.
1756 1025 1813 1123 3).
1865 1023 1985 1114 Quem

325 1156 404 1253 jam
430 1152 602 1227 Thunare
628 1152 780 1227 Herculi
812 1154 1026 1227 similiorem
1058 1155 1154 1227 inter
1180 1152 1452 1230 Germanorum
1485 1154 1577 1227 deos
1608 1153 1775 1227 invenire
1800 1164 1985 1251 poterant,

330 1308 443 1381 quum
473 1294 667 1380 praeterea
689 1277 873 1355 Mercurio
905 1282 1004 1379 apud
1038 1308 1102 1356 eos
1135 1308 1320 1357 summum
1344 1283 1468 1356 locum
1493 1293 1645 1355 tenente
1669 1282 1828 1355 fortasse
1853 1281 1984 1380 religio

331 1422 429 1486 esset
453 1410 590 1488 dorem
616 1410 779 1485 secundo
805 1411 975 1508 ponere?
1025 1409 1205 1484 Hercules
1237 1412 1354 1501 enim,
1387 1410 1450 1505 qui
1478 1409 1635 1482 deorum
1666 1408 1894 1507 heroumque
1926 1436 1984 1483 ro-

330 1539 564 1614 bustissimus
592 1548 629 1612 et
654 1538 875 1613 fortissimus
902 1538 949 1611 ab
976 1539 1077 1612 omni
1104 1540 1320 1637 antiqultate
1345 1537 1570 1636 perhibetur,
1603 1537 1666 1635 qui
1690 1538 1796 1610 clava
1822 1549 1985 1611 armatus

331 1679 470 1742 terram
509 1667 610 1769 omni
642 1666 831 1765 gigantum
862 1678 1187 1764 monstrorumque
1226 1667 1357 1740 sobole
1388 1665 1619 1758 liberaverit,
1659 1665 1712 1738 ita
1742 1677 1783 1738 ut
1813 1666 1988 1742 universa
2098 1749 2104 1762 ι

310 1798 410 1898 ¹ejus
435 1796 492 1869 vis
512 1792 745 1869 defendendo
774 1807 812 1869 et
838 1794 1115 1881 averruncando
1144 1776 1357 1869 cerneretur
1375 1794 1533 1891 ipsaque
1560 1792 1735 1867 defensor
1760 1818 1986 1867 averruncus
2028 1771 2035 1784 ⁵

333 1926 428 2015 σωτήρ
450 1923 587 2020 ubique
614 1924 871 2021 appellaretur,
897 1945 1049 2020 prorsus
1076 1945 1160 1997 cum
1186 1920 1514 1997 Thunare'nostro
1535 1922 1721 2016 convenit
1760 1919 1832 2010 Qui
1852 1922 1987 1994 summi

332 2048 394 2123 dei
423 2050 521 2123 filius
549 2062 587 2123 et
610 2053 689 2149 ipse
722 2052 813 2125 deus
843 2051 945 2149 plebi
975 2052 1134 2126 rusticae
1172 2076 1260 2149 prae
1295 2050 1428 2124 ceteris
1459 2048 1637 2140 dilectus,
1677 2050 1740 2146 qui
1768 2049 1907 2147 pariter
1940 2073 1983 2121 ac

330 2174 510 2251 Herct'rles
537 2179 721 2252 continuis
748 2188 786 2253 et
811 2178 960 2275 quidem
985 2179 1219 2277 pedestribus
1244 2178 1406 2277 proeliis,
1431 2176 1566 2249 malleo
1600 2178 1817 2270 instructus,
1848 2176 1985 2249 itineri·
2110 2186 2117 2195 '

333 2305 475 2401 busque
507 2306 719 2404 longinquis
746 2308 937 2406 gigantum
964 2318 1002 2379 et
1026 2318 1279 2381 monstrorum
1303 2305 1514 2381 indefessus
1528 2304 1745 2383 'debellator
1768 2304 1922 2397 exstitit,
1949 2316 1987 2376 et

252 2475 257 2484 ·
333 2433 499 2506 omnium
531 2432 687 2507 deorum
712 2434 824 2535 longe
849 2434 1099 2511 validissimus
1126 2436 1363 2532 omniumque
1390 2433 1666 2508 strenrussimus
1692 2444 1730 2505 et
1749 2432 1894 2531 generis
1920 2432 1987 2505 hu·

332 2562 435 2634 mani
472 2564 744 2637 amantissimus
778 2542 1069 2661 praedicabatiu.
1134 2563 1262 2660 Itaque
1295 2562 1421 2635 fabula
1452 2562 1624 2658 quaevis,
1664 2584 1758 2658 quae
1790 2585 1875 2634 eum
1906 2576 2011 2633 rem·

332 2713 437 2763 suam
481 2689 630 2763 fortiter.
669 2691 896 2791 feliciterque
940 2704 1132 2791 gerentem
1170 2689 1455 2781 demonstravit,
1495 2689 1598 2762 velut
1637 2689 1802 2761 omnium
1840 2711 1987 2785 quoque

209 2854 214 2863 ·
331 2817 497 2890 virorum
527 2814 678 2894 fortium
711 2845 897 2894 summum
929 2820 1140 2919 exemplum
1170 2818 1374 2917 proposuit
1433 2815 1542 2890 Unde
1576 2816 1765 2910 carminis,
1800 2812 1987 2914 quodcun-

250 2976 260 2989 ·
332 2969 403 3041 que
435 2945 617 3044 ejusmodi
646 2947 811 3020 fabulam
850 2947 1033 3040 exhibuit,
1071 2949 1167 3021 hanc
1200 2947 1262 3021 vel
1294 2947 1456 3019 maxime
1488 2946 1602 3021 fuisse
1634 2947 1817 3020 rationem
1848 2945 1988 3042 perspi·

333 3074 444 3166 citur,
482 3086 524 3148 ut
550 3098 595 3147 eo
621 3074 658 3167 ii,
685 3076 747 3172 'qui
773 3087 964 3168 canerent,
1003 3101 1079 3149 non
1106 3077 1227 3149 solum
1253 3076 1364 3150 deum
1389 3073 1561 3147 laudibus
1588 3075 1810 3147 extollerent
1835 3074 1988 3170 ejusque
2093 3044 2099 3060 ⁸

333 3201 511 3274 auxilium
536 3200 787 3300 implorarent,
815 3203 881 3276 sed
915 3204 1037 3296 etiam,
1064 3204 1377 3301 quemadmodum
1402 3202 1493 3300 ipsis
1508 3202 1588 3298 jam
1601 3214 1732 3275 contra
1743 3201 1871 3275 hostes
1885 3199 1988 3278 dmi-

334 3329 495 3404 candum
521 3341 558 3403 et
582 3354 669 3402 rura
693 3325 1043 3430 patria'domusque
1063 3333 1108 3406 ab
1131 3357 1260 3406 eorum
1278 3331 1449 3404 manibus
1464 3328 1720 3404 defendendae
1734 3339 1850 3421 erant,
1876 3328 1988 3402 deum

333 3458 443 3554 plane
477 3457 608 3529 eadem
639 3470 829 3556 gerentem
864 3460 968 3555 quasi
997 3471 1232 3557 praesentem
1263 3471 1348 3532 ante
1376 3460 1503 3532 oculos
1528 3457 1599 3530 sibi
1624 3469 1807 3554 ponerent
1819 3485 1828 3546 ;
1867 3476 1985 3552 ecque

334 3585 435 3657 socio
469 3592 505 3657 et
538 3611 683 3658 summo
719 3587 796 3682 ejus
836 3586 1008 3685 exemplo
1047 3613 1124 3662 non
1161 3587 1244 3661 fieri
1280 3587 1402 3686 potuit
1438 3598 1479 3659 ut
1518 3563 1645 3659 eorum
1678 3586 1790 3658 annui
1820 3607 1897 3658 uon
1929 3608 1988 3656 ac·
2089 3612 2094 3623 ·

336 3713 591 3786 conderentur.

438 3865 523 3942 Non
554 3880 676 3941 autern
709 3869 995 3944 existimandum
1027 3882 1084 3946 est
1117 3897 1248 3946 omnes
1279 3869 1549 3946 Germanorum
1581 3869 1740 3967 populos
1773 3867 1811 3939 in
1843 3865 1986 3963 proelia

337 3994 454 4066 ituros
487 3996 607 4068 solum
639 3997 816 4072 cecinisse
847 3997 1056 4079 Herculem.
1106 4000 1338 4074 Adversatur
1368 4001 1527 4098 primurn
1560 3995 1651 4071 illud
1675 3994 1863 4069 Ammiani
1886 3993 1987 4068 testi·

268 4195 271 4206 ,
333 4105 531 4193 monium*
561 4105 642 4197 Sed
663 4124 772 4198 etiam
799 4125 946 4201 Tacitus
972 4154 1048 4200 non
1074 4129 1145 4202 nisi
1166 4155 1254 4202 casu
1276 4128 1436 4226 quodam
1453 4125 1623 4200 Herculis
1641 4124 1868 4196 mentionem
1886 4121 1986 4214 fecit,

334 4267 447 4346 quum
474 4275 601 4324 eorum
628 4253 832 4350 opiniones,
866 4257 927 4353 qui
953 4253 1159 4332 Germanos
1186 4257 1339 4330 aliarum
1365 4257 1530 4356 gentium
1556 4253 1776 4327 adventibus
1803 4264 1840 4325 et
1864 4251 2019 4349 hospi-⁶

333 4378 393 4451 tiis
425 4377 563 4452 mixtos
597 4406 676 4454 esse
711 4383 986 4457 contendebant
1015 4384 1196 4482 hujusque
1227 4385 1282 4458 rei
1313 4395 1448 4458 testem
1472 4383 1575 4456 illurn
1603 4383 1823 4474 afferebant,
1861 4405 1988 4454 recen-

336 4518 452 4596 serct3
491 4531 611 4604 neque
638 4504 729 4581 illud
755 4510 902 4606 quidem
928 4511 1008 4586 veri
1034 4513 1150 4586 simile
1178 4525 1235 4587 est
1259 4525 1302 4586 ut
1326 4511 1372 4586 de
1389 4511 1550 4589 Hercule
1568 4511 1666 4609 apud
1681 4510 1839 4608 populos
1853 4506 1986 4584 Rheno
2021 4594 2023 4598 .

333 4635 525 4732 proximos
553 4660 680 4710 omnes
709 4638 949 4734 aequabiliter
976 4651 1163 4714 cantatum
1190 4641 1246 4715 sit.
1292 4639 1566 4715 Convenienter
1587 4638 1734 4736 quidem
1754 4636 1792 4710 id
1811 4637 1985 4711 fecissent

336 4759 524 4840 Cherusci.
552 4775 777 4863 ceteraeque·
807 4767 994 4863 nationes,
1042 4790 1135 4867 quae
1174 4782 1373 4868 antequam
1411 4769 1450 4842 in
1489 4793 1620 4864 campo
1658 4765 1851 4841 Idisiaviso
1883 4767 1917 4838 h.
1954 4789 2012 4852 e„

691 4900 697 4916 ·
1554 4896 1574 4957 3
