4784 5675
1185 401 1234 473 11

1060 507 1164 515 nunu-⁷
1182 510 1203 514 —
1228 510 1284 517 .-.

381 639 423 703 et
449 630 571 727 signa,
609 638 651 700 ut
674 626 820 725 phallus
848 626 978 725 (myth.
1007 628 1138 724 1109),
1174 628 1330 741 bactrius
1356 626 1504 727 (Muto
1529 640 1618 729 syst
1643 654 1678 727 p.
1709 633 1779 703 113
1797 632 1851 729 Ι),
1884 629 2040 707 madeus

380 754 610 855 (Firmenich
631 752 659 847 Ι,
688 756 788 851 348),
815 767 852 827 et
878 755 1083 853 effigiernm
1107 766 1220 853 atque
1246 756 1449 855 imaginum
1473 758 1558 831 loco
1581 758 1687 855 ipsae
1711 758 1824 852 ferae,
1850 770 1893 834 ut
1917 760 2038 859 vulpis

380 894 422 957 ot
448 884 612 956 cornixi'
642 881 755 979 (puto
782 882 859 979 lupi
883 892 923 956 et
946 884 1051 955 corvi
1076 884 1200 980 loco),
1243 885 1417 958 sciurus³
1449 896 1491 957 et
1518 885 1768 959 melolontbes
1796 887 1927 986 (myth.
1954 890 2038 961 657.

386 1013 520 1109 1111);
561 1021 764 1083 exornatur
800 1022 837 1083 et
872 1036 963 1107 puer
997 1034 1107 1108 quem
1136 1036 1264 1085 ursum
1290 1011 1416 1085 dicunt
1442 1012 1573 1111 (myth.
1601 1013 1711 1110 745).
1771 1011 1876 1103 Quae
1905 1014 1954 1087 ad
1982 1015 2038 1087 Li·

387 1141 516 1217 berum
552 1138 773 1213 Mercurium
806 1138 1085 1237 'sonantemque
1118 1140 1256 1212 referre
1286 1166 1363 1213 non
1400 1138 1548 1233 dubito,
1582 1138 1766 1237 iidemque
1797 1142 1908 1239 plane
1942 1143 2036 1218 ritus

280 1316 284 1329 ι
385 1268 486 1367 apud
520 1266 684 1342 Graecos
721 1266 961 1341 inveniuntur
1000 1276 1037 1339 et
1068 1267 1293 1359 cantilenae,
1331 1292 1423 1364 quae
1455 1269 1494 1339 in
1525 1268 1597 1341 illis
1629 1268 1741 1343 etiam
1772 1295 1872 1343 nunc
1897 1270 2035 1367 ubique

389 1396 467 1481 fers
493 1394 726 1486 adhibentur,
753 1393 886 1467 horum
912 1398 1090 1487 εἰρεσιώναις
1113 1404 1150 1468 et
1169 1402 1400 1483 χελιδονίσμισι
1426 1396 1561 1468 mirum
1581 1406 1759 1492 quantum
1783 1396 1922 1471 similes
1941 1409 2038 1472 sunt

389 1524 511 1615 Quare
542 1524 760 1621 praesertim
793 1547 905 1619 quum
937 1522 1047 1596 etiarn
1078 1534 1180 1596 certo
1209 1547 1355 1620 semper
1380 1521 1440 1596 dis
1465 1524 1547 1597 fieri
1572 1521 1734 1616 soleant,
1767 1524 1807 1597 hi
1830 1526 1922 1599 ritus
1949 1527 2039 1601 anti·

387 1652 586 1750 quissimus
607 1630 795 1749 religionis
821 1651 996 1747 reliquiae
1024 1676 1104 1724 esse
1131 1650 1278 1725 debent.
1328 1648 1586 1725 Observantur
1612 1662 1735 1724 autem
1756 1651 1866 1726 hodie
1892 1655 2040 1751 plurimi

391 1780 562 1878 rapueris
587 1790 732 1858 tantum
757 1802 877 1875 neque
902 1790 1027 1851 tamen
1055 1803 1193 1853 omnes.
1245 1777 1392 1853 Similes
1417 1779 1530 1877 igitur
1554 1804 1710 1877 pompas
1737 1779 1948 1877 etquidem
1972 1808 2037 1857 no

389 1908 541 1983 biliores
580 1906 768 2004 quondam
805 1933 882 1981 non
928 1908 1049 1981 solum
1092 1906 1311 1980 deducendo
1352 1932 1479 2000 curru,
1525 1907 1674 2016 navigio
1714 1918 1753 1981 et
1788 1921 1927 2001 aratro,
1969 1908 2039 1983 sed

387 2038 501 2111 etiam
532 2036 638 2133 signo
671 2060 775 2108 sacra
807 2044 845 2107 et
877 2034 1017 2133 effigies
1051 2035 1262 2108 comitando
1294 2035 1341 2108 ab
1373 2036 1474 2109 omni
1508 2036 1646 2133 populo
1673 2035 1859 2111 institutas
1885 2049 1923 2110 et
1948 2036 2039 2110 cele·

389 2166 514 2239 bratus
555 2188 635 2241 esse
676 2163 800 2261 colligi
831 2163 927 2235 licet.
991 2160 1077 2236 lam
1111 2188 1201 2235 vero
1234 2189 1347 2261 quum
1380 2176 1490 2237 antea
1515 2162 1809 2237 demonstratum
1835 2166 1882 2239 sit
1906 2167 2039 2240 iisdem

391 2292 506 2390 signis
534 2293 632 2365 etin
659 2291 801 2388 proelia
828 2302 956 2363 euntes
982 2316 1071 2363 usos
1098 2316 1190 2382 esse,
1224 2293 1345 2388 potuit
1369 2316 1459 2365 sane
1484 2292 1576 2384 fieri,
1602 2304 1644 2366 ut
1670 2292 1781 2366 etiarn
1805 2293 1937 2366 iisdem
1962 2320 2038 2368 ear·

391 2420 563 2513 minibus,
591 2444 683 2516 quae
715 2420 913 2517 pugnaturi
939 2419 976 2491 in
1003 2444 1232 2493 summorum
1256 2420 1412 2492 deorum
1425 2420 1606 2495 honorem
1630 2420 1825 2512 canebant,
1851 2420 1923 2493 alio
1948 2432 2040 2494 tem-

390 2573 499 2647 pore,
526 2572 640 2645 quum
667 2546 883 2623 corumdem
909 2546 1065 2622 deorum
1090 2547 1169 2621 dies
1197 2558 1296 2621 esset
1320 2548 1453 2640 festus,
1491 2548 1532 2620 in
1558 2547 1775 2621 deducenda
1797 2573 1937 2646 pompa
1959 2560 2038 2624 rte
2078 2556 2084 2577 ¹

390 2688 534 2768 rentur,
562 2686 625 2750 aut
650 2686 691 2747 ut
716 2674 840 2749 verius
867 2674 998 2769 dicam,
1025 2686 1066 2750 ut
1086 2676 1249 2748 earmina
1275 2676 1432 2772 quaein
1458 2674 1675 2751 deducenda
1700 2700 1837 2773 pompa
1863 2676 2037 2749 adbibere

391 2804 578 2896 solebant,
614 2828 657 2879 ea
684 2827 845 2902 quoque,
879 2828 991 2902 quum
1023 2802 1072 2876 ad
1095 2803 1278 2902 proelium
1303 2803 1400 2878 irent
1426 2803 1663 2902 ejusdemque
1696 2804 1759 2880 dei
1782 2831 1888 2880 sacra
1914 2829 2038 2880 secum

390 2933 547 3026 ferrent,
593 2944 677 3032 apte
719 2944 908 3024 canerent,
954 2931 1133 3030 siquidem
1173 2932 1299 3006 fabula
1336 2933 1458 3030 aliqua
1497 2933 1700 3009 carminum
1732 2945 1811 3006 erat
1841 2935 2039 3032 praecipua

390 3086 486 3163 pars.
537 3058 622 3133 Non
661 3060 759 3134 onim
798 3059 1034 3160 cogitandum
1067 3072 1124 3134 est
1157 3057 1363 3134 Germanos
1394 3085 1533 3158 pompa
1563 3085 1668 3134 sacra
1697 3062 1868 3135 bellicam
1893 3037 2038 3154 imilari,

392 3178 459 3266 sed
496 3188 619 3284 potius
657 3189 835 3264 instructa
868 3189 944 3260 scie
978 3199 1016 3262 et
1045 3187 1269 3288 procedente
1301 3200 1338 3261 et
1376 3200 1530 3260 canente
1573 3213 1715 3262 sacram
1755 3214 1930 3287 pompam
1969 3189 2039 3264 sibi

391 3317 493 3390 visos
520 3341 599 3390 csse
626 3328 803 3413 repetere.

490 3442 716 3541 Pomparum
755 3456 878 3518 autem
917 3443 1100 3516 actionem
1137 3453 1173 3516 et
1212 3442 1375 3515 carmina
1408 3432 1572 3541 mythico
1609 3455 1673 3517 aut
1704 3445 1834 3518 saltem
1865 3469 1957 3542 quae
1991 3443 2038 3516 ad

392 3599 622 3672 paganorum
647 3597 790 3646 morem
815 3571 983 3670 proxime
1011 3569 1185 3644 accedere
1212 3552 1444 3662 uidebantur,
1478 3571 1516 3644 in
1541 3571 1613 3644 illis
1633 3572 1767 3646 usitata
1785 3574 1881 3646 inter
1902 3583 2037 3646 statuta

397 3701 683 3800 salisburgensis
715 3701 800 3774 anni
834 3703 903 3774 779
940 3697 1067 3798 (Perta
1100 3697 1169 3790 III,
1203 3698 1272 3796 80)
1306 3709 1446 3796 spectat
1477 3698 1572 3772 hoc:
1614 3697 1691 3793 „Ut
1729 3701 1849 3775 omnis
1880 3700 2038 3800 populus

395 3829 598 3908 honorifice
626 3854 709 3902 cum
736 3827 854 3900 omnis
882 3827 1209 3928 supplicationibus
1236 3825 1451 3918 devotione,
1486 3826 1672 3901 humiliter
1698 3839 1735 3902 et
1761 3853 1845 3902 cum
1867 3853 2038 3902 reveren·

395 3956 448 4036 tia
474 3957 611 4053 absque
631 3956 874 4054 pretiosarum
903 3957 1059 4030 vestium
1087 3967 1221 4028 ornatu
1245 3955 1305 4028 vel
1332 3954 1443 4027 etiam
1468 3955 1698 4030 inlecebroso
1726 3957 1868 4030 cantico
1896 3968 1933 4029 et
1956 3956 2042 4029 lusu

397 4085 575 4164 saeculari
609 4110 692 4167 cum
723 4082 891 4156 laetaniis
921 4081 1125 4186 procedant
1158 4095 1194 4156 et
1227 4080 1370 4167 discam
1394 4081 1639 4182 Kyrieleyson
1673 4085 1853 4173 clamare3
1892 4097 1933 4158 ut
1963 4109 2041 4156 non

394 4223 472 4291 tam
496 4212 631 4288 rustice
657 4223 698 4288 ut
723 4237 820 4286 nunc
845 4232 972 4308 usque,
999 4210 1064 4285 sed
1089 4212 1219 4284 melius
1247 4210 1422 4286 discant“.
1855 4197 1860 4208 ¹

508 4553 515 4585 ¹
541 4551 587 4603 cll.
607 4553 685 4604 Kubn
704 4555 783 4603 mtrlr.
804 4565 882 4617 segon
901 4567 926 4617 p.
947 4548 998 4604 3117
1018 4566 1076 4615 sqq.
1095 4553 1240 4613 fimenich
1259 4553 1428 4619 utiliorem,
1456 4548 1514 4606 131.
1543 4550 1602 4605 151.
1631 4550 1689 4606 184.
1715 4548 1777 4606 131.
1807 4549 1868 4606 ml.
1894 4547 1955 4604 359.
1979 4544 2041 4602 381.

398 4637 460 4692 411.
480 4636 541 4695 131.
562 4637 623 4694 436.
645 4638 706 4694 515.
744 4644 778 4708 11,
800 4639 842 4693 15.
863 4637 905 4693 31.
926 4637 969 4710 36,
988 4639 1032 4694 71.
1052 4644 1129 4706 myth.
1148 4638 1203 4694 711
1220 4655 1279 4705 sqq.
1298 4639 1353 4694 730
1371 4656 1431 4694 ann.

508 4761 521 4793 ¹
543 4759 652 4810 Sentius
670 4761 745 4812 holst.
765 4761 864 4814 idiottk.
884 4763 932 4830 111,
955 4758 1013 4812 165.
1039 4761 1117 4813 Kubn
1137 4763 1218 4812 mlrl.
1239 4774 1319 4824 ssgen
1337 4776 1363 4825 p.
1383 4756 1445 4814 alu.
1465 4759 1621 4824 11115711.

510 4879 521 4910 ⁸
543 4877 608 4930 Cum
626 4879 703 4939 myth.
723 4875 785 4934 581.
805 4887 831 4934 st
848 4881 954 4935 biblion·
972 4886 1033 4942 esst.
1053 4895 1078 4943 p.
1098 4876 1160 4934 143.
1181 4878 1299 4932 caulem
1316 4879 1462 4932 sirmeum
1480 4881 1501 4944 Ι,
1522 4875 1667 4933 415158.
1684 4880 1718 4932 et.
1737 4873 1799 4930 353.
1871 4909 1878 4916 ·
