4784 5675
1037 402 1269 517 *a*

369 631 553 715 instructa
564 631 716 703 omnino
730 652 888 727 pompae
903 630 1031 703 similis
1054 641 1142 719 erat,
1170 653 1258 701 sane
1279 627 1390 701 etiam
1410 626 1574 698 carmina
1592 624 1779 721 pompalis
1797 649 1874 697 non
1896 625 2021 726 omnia

368 759 501 845 brevia
527 770 564 833 et
588 770 719 831 tenues
746 756 886 853 aliquot
910 758 1082 831 versiculi
1108 781 1205 847 esse,
1241 755 1308 829 sed
1340 767 1376 828 et
1400 753 1550 853 mythos
1577 778 1619 825 ac
1645 752 1807 825 fabulam
1834 752 2020 849 quandam

372 886 549 961 exhibere
574 896 756 983 poterant.
807 884 914 982 Ipsae
941 886 1052 957 etiam
1076 909 1235 983 pompae
1263 908 1389 956 sacrae
1415 883 1552 978 ubique
1578 880 1696 979 mythi
1722 880 1912 978 cujusdam
1936 908 2018 979 par·

370 1028 446 1090 tem
480 1016 638 1111 aliquam
673 1014 721 1086 ob
756 1014 884 1087 oculos
917 1038 1057 1112 ponere
1081 1013 1265 1086 videntur.
1316 1009 1439 1085 Rediit
1465 1012 1563 1086 enim
1589 1010 1680 1082 deus
1706 1011 1766 1083 vel
1793 1008 1873 1103 dea,
1907 1036 2018 1107 qnnm

370 1169 437 1242 per
473 1168 609 1217 annum
642 1142 809 1240 potentia
841 1167 908 1215 sua
935 1124 993 1215 ¹uti
1026 1140 1149 1213 denuo
1185 1141 1371 1238 coeperit;
1411 1139 1511 1235 quod
1543 1138 1701 1211 deducto
1735 1163 1845 1211 curru
1870 1140 2018 1238 navigio

371 1284 435 1347 aut
460 1284 580 1347 aratro
612 1270 848 1369 significatur,
879 1268 1150 1365 adventumque
1178 1268 1255 1365 ejus
1277 1269 1355 1365 jam
1379 1263 1462 1364 ipsa
1485 1291 1624 1363 pompa
1642 1265 1915 1362 quodammodo
1941 1268 2019 1341 imi-

369 1410 477 1473 tatur.
529 1397 680 1495 Optime
705 1397 827 1497 igitur,
853 1409 895 1470 ut
919 1397 1008 1470 mihi
1035 1396 1184 1494 quidem
1210 1397 1366 1485 videtur,
1394 1421 1417 1467 a
1440 1393 1641 1467 Wilhelmo
1667 1392 1824 1467 Mtillero
1852 1395 1965 1494 (syst.
1982 1422 2017 1493 ρ.

371 1528 458 1624 167)
493 1526 732 1600 observatum
759 1536 817 1598 est
841 1526 1086 1599 circumvecto
1113 1527 1176 1598 illo
1203 1551 1270 1624 per
1295 1522 1484 1597 Sueonum
1509 1523 1699 1619 regiones,
1738 1524 1937 1597 comitante
1964 1550 2021 1597 sa·

370 1654 523 1729 cerdote
549 1655 696 1746 femina,
737 1652 847 1751 Freyi
884 1650 993 1726 curru
1031 1654 1138 1727 simul
1171 1654 1231 1727 dci
1261 1674 1435 1751 pompam
1467 1651 1670 1748 nuptialem
1704 1663 2018 1749 repraesentatam

371 1808 463 1857 esse.
515 1779 637 1870 Quum
663 1807 770 1871 vero,
804 1792 899 1855 teste
924 1780 1070 1854 Adamo
1096 1780 1288 1855 Bremensi
1313 1780 1376 1878 (de
1404 1780 1477 1853 situ
1500 1778 1641 1851 Daniae
1668 1782 1807 1867 0.234;
1847 1780 1891 1851 cf.
1918 1776 2018 1852 Saxo

368 1909 432 2002 ΙΙΙ,
458 1907 845 2009 palaestrales),
871 1910 1037 2001 naeniae,
1065 1934 1157 2006 quae
1183 1910 1223 1982 in
1250 1910 1328 2006 ejus
1355 1910 1470 1981 sacris
1496 1906 1668 2005 Upsaliae
1694 1908 1829 1981 habitis
1854 1907 1936 1980 fieri
1960 1933 2018 1981 so·

368 2038 506 2131 lebant,
526 2036 746 2135 multiplices
775 2049 899 2111 essent
924 2048 960 2111 et
983 2038 1214 2129 inhonestae,
1241 2038 1351 2135 etiarn
1379 2036 1530 2110 canticis
1559 2035 1604 2109 dc
1631 2036 1818 2110 amoribus
1850 2036 1910 2109 dei
1930 2033 2018 2111 Ger·

370 2165 515 2263 dasque
541 2150 608 2239 rel¹
629 2164 675 2237 de
700 2164 812 2238 rebus
838 2188 904 2262 per
931 2190 1026 2256 eum,
1057 2177 1099 2238 ut
1124 2178 1283 2239 amatam
1309 2166 1489 2263 virginem
1513 2166 1800 2257 nancisceretur,
1829 2164 2017 2261 praeclare

368 2294 490 2392 gestis
516 2316 662 2365 currum
688 2293 862 2390 prosequi
891 2304 1072 2390 poterant.
1125 2290 1197 2367 Se'd
1226 2294 1356 2369 eodem
1382 2293 1495 2367 modo
1523 2305 1560 2365 et
1585 2318 1712 2366 currus
1738 2290 1899 2365 Nerthus
1926 2293 2017 2365 deae

371 2420 713 2495 circumducebatur
740 2420 876 2520 (myth.
904 2422 973 2521 96)
1002 2434 1038 2495 et
1063 2422 1220 2495 similem
1246 2421 1331 2495 huic
1349 2422 1436 2494 ritui
1464 2422 1615 2495 subesse
1641 2420 1811 2520 mythum
1838 2422 1970 2517 opinor
1986 2421 2018 2492 1'.

368 2547 463 2630 Sunt
488 2561 611 2623 autem
636 2549 756 2648 mythi
780 2549 938 2646 plurimi,
965 2548 1025 2645 qui
1053 2548 1098 2622 de
1124 2549 1245 2625 reditu
1272 2549 1426 2624 deorum
1445 2552 1549 2647 quasi
1571 2549 1871 2623 reviviscentium
1894 2561 2017 2647 agunt}

478 2702 716 2778 Nobilissimo
751 2704 835 2777 huic
867 2729 1086 2803 pomparum
1119 2708 1246 2805 generi
1277 2707 1447 2804 proxime
1481 2706 1656 2779 accedere
1691 2702 1836 2779 videtur
1861 2704 1915 2795 id,
1954 2704 2022 2802 ubi

373 2835 478 2933 virgo
500 2845 564 2907 aut
579 2834 727 2931 juvenis
747 2832 906 2931 qnidam,
934 2834 996 2931 qui
1010 2832 1100 2907 deae
1122 2845 1184 2908 aut
1205 2833 1264 2908 dei
1290 2835 1442 2932 alicujus
1468 2848 1591 2933 partes
1619 2834 1790 2932 suscepit,
1819 2834 2017 2908 comitante

373 2963 487 3036 choro
510 2961 703 3036 deducitur
717 2964 761 3052 ²3
787 2963 1021 3060 potissimum
1040 2976 1164 3036 tamen
1185 2963 1231 3035 ad
1249 2963 1356 3036 ludos
1376 2963 1571 3037 referenda
1592 2977 1648 3038 cst
1671 2962 1850 3061 ejusmodi
1869 2987 2016 3061 pompa.

373 3087 491 3162 Erant
523 3089 633 3162 etiam
665 3088 757 3161 aliae
788 3091 910 3164 minus
945 3090 1091 3186 quidem
1122 3092 1267 3164 nobiles
1300 3118 1342 3165 ac
1375 3093 1550 3180 celebres,
1586 3092 1651 3166 sed
1678 3117 1770 3189 quae
1798 3116 1842 3164 co
1870 3091 2016 3189 saepius

372 3227 474 3291 act-ae
502 3230 595 3290 sunt.
647 3215 900 3291 Memorantur
926 3219 1089 3317 (indicul.
1118 3231 1271 3317 superet.
1298 3217 1351 3294 tit.
1380 3221 1441 3320 18)
1470 3222 1674 3312 simulacra,
1709 3246 1802 3317 quae
1827 3245 1895 3317 per
1921 3245 2015 3292 cam·

370 3373 438 3444 pos
465 3358 530 3418 aut
554 3370 621 3444 per
645 3345 748 3418 vicos
774 3347 1027 3443 portabantur,
1055 3349 1131 3421 sive
1157 3373 1226 3446 pro
1253 3358 1422 3421 annonae
1449 3350 1616 3422 ubertate
1640 3349 1716 3422 sive
1738 3348 1785 3419 ad
1807 3346 2016 3421 exorandos

371 3474 508 3546 imbres
542 3485 579 3546 et
612 3484 744 3546 ventos
776 3484 994 3572 tempusque
1020 3477 1141 3549 nautis
1169 3503 1211 3550 ac
1236 3478 1481 3574 piscatoribus
1509 3477 1728 3567 secundum,
1756 3478 1832 3551 sive
1859 3475 2016 3572 denique
2138 3568 2142 3577 .

372 3603 443 3675 alia
476 3604 670 3676 occasione
705 3615 813 3699 atque
849 3603 920 3675 alio
955 3605 1107 3677 consilio
1125 3607 1155 3676 ³.
1206 3603 1249 3676 In
1281 3605 1339 3679 his
1373 3605 1520 3702 quidem
1546 3607 1691 3704 pompis
1717 3607 1809 3679 nihil
1833 3605 1904 3678 nisi
1931 3605 2014 3678 sim-

370 3731 484 3828 plices
510 3756 656 3829 preces,
694 3731 846 3803 metrice
877 3743 1002 3804 tamen
1036 3733 1153 3807 factae
1188 3709 1403 3807 decantatae
1434 3734 1607 3807 videntur
1640 3734 1778 3832 (myth.
1808 3736 1887 3806 160.
1916 3731 2014 3830 560).

373 3857 578 3956 Supersunt
612 3859 731 3932 adhuc
759 3859 1030 3951 cantiunculas,
1072 3861 1203 3958 quibus
1231 3863 1346 3935 solem
1373 3863 1563 3954 invocant,
1595 3875 1637 3936 ut
1661 3863 1779 3935 nubes
1804 3862 1908 3960 fuget
1933 3885 2015 3933 coe·

369 3987 518 4083 lumque
545 4001 708 4078 serenet,
754 3997 861 4084 atque
887 3987 1040 4060 indubia
1064 3989 1190 4062 insunt
1214 3990 1350 4063 veteris
1375 3990 1563 4088 religionis
1589 3990 1745 4088 vestigia
1759 3993 1790 4062 4.
1855 3987 2014 4063 Omnem

369 4123 494 4187 tamen
522 4115 701 4212 ejusmodi
728 4116 863 4193 rituum
891 4141 932 4188 ac
960 4117 1224 4189 cantilenarum
1250 4119 1482 4216 popularium
1507 4145 1701 4192 numerum
1727 4118 1798 4191 hoc
1824 4117 1907 4190 loco
1933 4139 2013 4213 per-

371 4241 473 4339 sequi
487 4268 605 4340 nequc
619 4269 815 4342 possumus
830 4270 897 4316 nec
911 4243 1100 4333 volumus3
1129 4246 1433 4320 circumferuntur
1448 4259 1570 4321 autem
1584 4248 1693 4321 etiarn
1712 4273 1809 4320 nunc
1830 4271 1896 4344 per
1910 4245 2015 4318 vicos

486 4447 491 4476 ¹
513 4445 572 4497 vid.
593 4448 659 4511 apud
678 4448 847 4498 Schmidtium
865 4448 882 4497 1.
904 4449 920 4498 1.

361 4601 364 4608 ,
480 4563 614 4614 ¹anmm
634 4567 711 4627 myth.
731 4560 793 4615 7111.
813 4560 875 4616 815.
911 4563 1013 4628 nuspa
1032 4565 1147 4615 zeitschr.
1168 4563 1213 4632 Vl,
1233 4562 1275 4618 78.

482 4685 492 4716 ¹
512 4682 591 4744 Mra.
605 4678 664 4734 151.
676 4679 737 4734 5811.
750 4678 827 4735 1101.
838 4681 935 4733 Miillcr
953 4689 1014 4744 syst.
1034 4697 1059 4746 ρ.
1081 4678 1140 4733 113.
1156 4679 1216 4735 111.
1229 4685 1333 4749 Frcytag
1352 4688 1384 4738 de
1401 4687 1456 4736 init.
1474 4687 1567 4736 scenio.
1583 4698 1655 4746 poss.
1674 4688 1741 4750 apud
1758 4689 1845 4738 Germ.
1857 4701 1882 4749 ρ.
1892 4681 1918 4738 t.
1931 4701 2010 4750 sagcn

371 4785 418 4822 aus
438 4771 562 4824 Scblcsrr.
581 4773 666 4824 flolst
688 4775 739 4824 und
758 4774 873 4826 Lunenb.
893 4787 917 4835 ρ.
939 4768 999 4824 517.
1657 4799 1661 4808 -

481 4891 492 4921 ⁴
513 4889 677 4952 Nordalbtng.
697 4889 766 4940 stud.
780 4889 824 4955 11,
844 4889 881 4940 hh
906 4886 930 4940 1.
969 4891 1137 4942 vundcrhorn
1157 4886 1317 4957 (1818)111,
1336 4888 1397 4942 118.
1418 4889 1478 4943 aaa.
1498 4893 1531 4943 ct.
1552 4897 1628 4953 mun.
1648 4889 1710 4946 888.
