4784 5675
1177 373 1224 445 20

1075 482 1092 486 .-
1118 463 1177 489 ...1.
1190 480 1317 487 ..—-.-..
1330 480 1355 484 -..

374 600 474 699 quod
503 601 591 692 scio,
619 599 818 697 quidquam
844 600 1019 702 traditum
1047 610 1113 691 est,
1141 599 1242 697 quod
1269 624 1353 673 cum
1379 598 1544 689 barditu,
1578 599 1724 695 qualem
1750 597 1915 689 Tacims,
1948 602 2025 675 sive

362 730 529 819 barritu,
563 752 672 825 quem
697 728 916 802 Ammianus
943 727 1135 815 describit,
1170 729 1255 825 jure
1283 728 1442 801 conferri
1467 727 1594 825 possit.
1646 725 1774 801 Fuisse
1801 741 1924 801 autem
1950 752 2024 802 car·

361 858 482 947 mina,
516 880 673 953 quomm
698 856 838 929 relatus
864 855 1031 930 barditus
1058 866 1267 946 vocaretur,
1302 854 1669 943 Tacitus-adaman
1707 856 1800 929 nibil
1825 868 1951 929 tamen
1975 856 2022 929 de

364 987 423 1059 his
459 987 538 1082 jam
572 984 670 1082 apud
695 984 933 1057 Ammianum
968 985 1155 1057 invenitur
1191 984 1341 1080 ejusque
1373 994 1493 1055 aetate
1525 982 1686 1057 barritus
1716 984 1769 1056 nil
1800 984 1872 1057 nisi
1904 994 2025 1064 truces

367 1138 480 1187 voces
506 1111 680 1187 videntur
708 1136 799 1185 esse.
851 1110 925 1185 Sed
952 1126 989 1185 ct
1013 1112 1076 1185 illa
1101 1113 1268 1186 carmina
1292 1136 1386 1207 quse
1412 1109 1560 1183 Tacitus
1585 1122 1777 1203 memorat,
1805 1123 1953 1209 oportet
1978 1112 2025 1185 ab

368 1269 411 1317 eo
443 1229 599 1341 genere,
638 1241 684 1313 de
713 1266 785 1337 quo
818 1252 928 1313 antea
954 1239 1180 1337 disputatum
1208 1251 1282 1331 est,
1320 1237 1518 1335 plurimum
1551 1250 1729 1334 quantum
1756 1239 2024 1315 abhorruerint.

365 1368 396 1443 N
402 1378 462 1443 ain
490 1370 668 1465 „objectis
689 1367 735 1441 ad
750 1392 791 1441 os
806 1368 919 1440 scutis
933 1370 962 1457 ¹,
977 1392 1049 1463 quo
1063 1367 1209 1464 plenior
1223 1380 1261 1441 et
1272 1369 1422 1465 gravior
1434 1390 1511 1440 vox
1523 1391 1741 1463 repercussu
1754 1368 2025 1459 intumesceret,

364 1498 564 1597 praecipue
592 1496 770 1593 asperitas
802 1496 883 1568 soni
918 1508 955 1567 et
985 1496 1141 1570 fractum
1168 1521 1335 1569 murmur
1361 1495 1634 1569 affectabatun‘.
1686 1491 1790 1582 Quae
1816 1496 1954 1592 optime
1979 1496 2024 1569 iis

366 1627 606 1708 illustrantur,
644 1649 736 1721 quae
764 1624 981 1699 Ammianus
1009 1622 1124 1717 (XVI,
1153 1626 1218 1712 12,
1252 1623 1317 1720 43)
1351 1623 1397 1696 de
1425 1621 1879 1718 CornutisBraccatisque,
1906 1620 2021 1698 Gallis

367 1768 408 1827 ut
433 1753 590 1844 videtur,
616 1751 869 1826 Romanorum
896 1752 1072 1824 militibus
1107 1778 1138 1825 e.
1153 1776 1279 1849 pugna
1305 1752 1597 1849 argentoratensi
1624 1754 1672 1848 (a.
1700 1753 1769 1823 357
1796 1776 1831 1848 p.
1853 1748 1936 1846 Oh.)
1968 1776 2023 1824 re·

365 1882 448 1955 sert.
487 1878 537 1953 Hi
563 1881 661 1957 enim
688 1905 780 1972 „usu
800 1881 1026 1977 proeliorum
1052 1878 1226 1953 diuturno
1253 1880 1400 1970 firmati,
1435 1893 1652 1977 „postquam
1679 1879 1844 1952 cominus
1871 1890 2023 1951 ventum

369 2022 437 2101 est,
466 2008 717 2101 „Alamannos
739 2009 816 2105 jam
843 2020 949 2105 gestu
974 2020 1168 2099 terrentes,
1195 2006 1376 2081 barritum
1402 2008 1524 2080 civere
1545 2008 1606 2079 vel
1624 2008 1839 2099 maximum,
1866 2007 1925 2104 qui
1953 2007 2023 2086 cla·

367 2165 450 2211 mor
476 2138 556 2234 ipso
583 2139 729 2211 fervore
744 2137 985 2209 certaminum
1009 2138 1149 2209 atenui
1173 2160 1322 2209 susurro
1338 2136 1509 2209 exoriens
1523 2135 1785 2233 paullatimque
1805 2135 2022 2211 adulescens

367 2268 441 2340 ritu
469 2266 657 2339 extollitur
682 2264 859 2338 fluctuum
888 2265 1054 2338 cautibus
1080 2266 1307 2353 illisorum“;
1335 2265 1620 2362 confflllsupra
1640 2265 1785 2361 p.1411.
1836 2262 1946 2337 Unde
1971 2264 2022 2336 fa·

367 2394 436 2467 cile
462 2386 697 2491 perspicuum
725 2404 781 2465 est
807 2393 917 2467 etiarn
944 2394 1107 2467 cannina
1132 2392 1196 2465 illa
1215 2418 1334 2490 pauca
1358 2404 1501 2466 tantum
1527 2392 1643 2465 verba
1662 2392 1786 2483 fuisse,
1813 2416 1906 2488 quae
1931 2416 2023 2465 mox

366 2522 405 2594 in
439 2520 617 2595 stridores
650 2546 835 2618 sonosque
868 2546 1001 2594 raucos
1034 2521 1208 2613 abierint,
1246 2522 1342 2595 inter
1374 2546 1467 2616 quos
1500 2532 1583 2593 ret
1611 2546 1635 2592 u
1662 2520 1910 2617 praevaluisse
1937 2544 2022 2593 con·

247 2657 249 2666 '
362 2650 427 2747 jici
452 2650 539 2721 licet
572 2649 639 2748 (cf.
667 2674 818 2747 gramm.
845 2648 914 2741 ΙΙΙ,
955 2650 1054 2748 308).
1104 2648 1172 2722 His
1205 2662 1328 2725 autem
1360 2660 1397 2736 at
1430 2649 1573 2721 animos
1605 2648 1806 2721 accendere
1834 2661 1871 2722 et
1895 2648 2022 2722 hostes

366 2780 541 2852 terrerc2
572 2778 803 2878 cogitabant,
843 2803 955 2875 quare
991 2786 1075 2877 apte
1108 2778 1268 2852 conferri
1302 2788 1459 2877 possunt
1490 2802 1574 2850 curn
1588 2803 1592 2812 “
1605 2786 1868 2877 tympanorum
1892 2779 2025 2875 plausu

366 2907 505 2980 nostris
535 2905 714 2979 militibus
745 2907 892 2979 usitato.
945 2905 1019 2979 Sed
1053 2919 1089 2980 et
1121 2907 1308 3005 trepidant
1333 2905 1507 2981 Germani
1532 2905 1718 3002 harditum
1744 2918 1936 2999 canentes,
1976 2906 2027 2978 ait

368 3033 540 3126 Tacitus;
579 3035 723 3108 futurae
759 3035 857 3106 enim
889 3061 1038 3132 pugnae
1069 3036 1274 3126 fortunam,
1312 3047 1424 3132 prout
1449 3037 1574 3108 sonuit
1599 3036 1707 3126 acies,
1741 3035 2025 3134 augurabantur.

370 3163 543 3238 Carmina
576 3165 688 3261 igitur
717 3161 869 3260 magicis
905 3164 1036 3235 similia
1063 3176 1170 3237 erant
1202 3176 1311 3260 atquc
1339 3161 1520 3261 ejusmodi
1547 3165 1738 3236 cantilenis
1765 3161 2024 3259 comparanda,

368 3317 461 3388 quae
490 3292 598 3363 etiam
626 3316 741 3383 nunc,
782 3293 853 3364 alio
881 3291 1029 3387 quidem
1055 3304 1223 3390 ternpore
1251 3318 1293 3364 ac
1319 3291 1421 3380 loco,
1453 3318 1474 3364 a
1499 3292 1608 3388 plebe
1635 3319 1677 3364 ac
1702 3291 1865 3389 puerulis
1892 3313 2026 3362 canun-

365 3431 449 3507 tur3
490 3418 656 3492 similiter
688 3419 785 3492 enirn
820 3420 943 3493 verbis
977 3421 1195 3517 quibusdam
1225 3421 1364 3517 junctis
1391 3444 1548 3493 exorsae
1582 3445 1670 3492 mox
1697 3421 1734 3491 in
1760 3443 1884 3492 meros
1909 3443 2024 3491 sonos

343 3531 552 3620 desinunt.
606 3543 687 3633 Quo
722 3559 843 3621 autern
869 3549 1014 3646 plenior
1041 3562 1078 3622 et
1103 3549 1253 3648 gravior
1278 3547 1445 3623 barditus
1473 3547 1617 3620 auditus
1645 3560 1716 3637 cst,
1751 3573 1794 3618 eo
1823 3547 1956 3619 certius
1984 3569 2026 3616 ac

367 3674 543 3748 fidentius
569 3687 715 3748 veteres
742 3679 857 3749 nostri
885 3677 1044 3774 majores
1072 3677 1179 3771 deos,
1219 3704 1312 3774 quos
1345 3678 1507 3751 carmine
1533 3692 1644 3750 antea
1669 3675 1957 3763 celebraverant,
1990 3683 2027 3746 et

367 3814 584 3901 praesentes
612 3814 649 3875 et
672 3802 854 3900 benignos
879 3807 1119 3902 faventcsque
1147 3807 1276 3880 adesse
1299 3807 1377 3902 jam
1404 3805 1662 3878 dimicantibus
1689 3803 1933 3876 crediderunt.

470 3955 544 4054 Sed
571 3959 661 4031 haee
689 3970 774 4032 sunt
798 3959 940 4033 leviora
963 3987 1083 4057 neque
1111 3961 1158 4034 ad
1183 3962 1307 4060 poesis
1333 3974 1482 4038 nostrae
1506 3961 1697 4035 historiam
1722 3962 1775 4034 ita
1799 3961 1923 4058 magni
1949 3985 2026 4032 mo-

370 4085 503 4176 menti,
535 4085 605 4158 nisi
631 4096 782 4183 proptor
813 4088 927 4162 miros
961 4089 1192 4186 quorundam
1220 4116 1375 4164 errores.
1427 4088 1466 4162 Si
1493 4104 1614 4163 autem
1642 4088 1696 4180 ca,
1723 4113 1816 4185 quae
1844 4113 1954 4186 supra
1980 4087 2026 4161 dc

370 4214 594 4286 carminibus
634 4213 773 4287 bellicis
800 4215 998 4313 disputavi,
1038 4218 1260 4315 probantur,
1295 4220 1374 4316 jam
1398 4219 1484 4292 inde
1518 4218 1563 4291 de
1596 4217 1658 4306 iis,
1698 4217 1855 4314 quaein
1881 4218 2026 4316 pompis

374 4343 487 4416 sacris
516 4341 684 4414 adhiberi
711 4343 897 4435 solebant,
938 4345 1118 4442 quaedam
1145 4345 1269 4443 colligi
1301 4358 1485 4444 poterunt.
1536 4345 1684 4421 Etenim
1718 4345 1897 4444 siquidem
1929 4346 2025 4418 acies

486 4547 491 4577 ¹
512 4543 554 4596 An
572 4545 649 4608 igitur
658 4559 745 4598 vocam
765 4548 921 4598 barditus
940 4561 998 4599 curn
1009 4550 1101 4601 island.
1119 4551 1206 4601 bardi
1226 4553 1340 4617 clypeus,
1362 4552 1494 4613 11111111
1513 4553 1647 4618 proelium,
1668 4565 1682 4602 1
1703 4553 1789 4614 berla
1810 4546 2026 4614 (1111111111)

372 4634 448 4684 tertre
467 4634 596 4701 derivatis,
615 4637 799 4687 conteramust
1688 4650 1693 4661 ¹

484 4761 565 4812 'cn
587 4765 613 4813 ΙΙ.
633 4767 765 4827 bucusque
793 4773 859 4830 etp.
883 4763 1044 4832 11111111
1065 4769 1196 4822 ammian.
1218 4771 1306 4836 XXll,
1332 4767 1359 4836 l,
1381 4767 1422 4822 ll.
1443 4771 1477 4832 (1.
1489 4765 1623 4833 31111011.
1633 4769 1830 4834 «latiomorum
1850 4781 1896 4830 pro
1915 4765 2025 4817 terrifico
2092 4737 2099 4746 ’

375 4851 487 4917 fremitu,
507 4867 583 4915 qoem
603 4855 705 4906 bertari
725 4859 812 4908 dicunt
830 4860 964 4909 barritum.
