4784 5675
1148 352 1195 425 28

349 580 612 655 trucidarunt.“
651 576 794 653 Eodem
819 577 932 653 modo
960 591 996 653 et
1022 580 1129 673 servi,
1158 580 1220 675 qui
1244 579 1500 652 lustrationem
1527 578 1619 651 sacri
1631 575 1792 651 Nerthus
1819 577 1909 651 deae
1935 602 1995 651 ve-

349 708 462 781 hiculi
487 708 796 798 ministraverant,
822 706 905 779 lacu
928 708 1050 781 statim
1070 690 1344 806 mergebantur,
1367 704 1540 802 additque
1554 703 1702 777 Tacitus
1721 705 1908 780 similiter:
1942 730 1996 776 ar·

349 856 463 909 canus
495 835 581 908 hinc
614 848 733 908 terror
766 846 962 931 sanctaque
993 835 1218 933 ignorantia,
1254 833 1340 931 quid
1367 834 1414 906 sit
1438 832 1528 905 illud
1554 832 1654 929 quod
1678 844 1820 909 tantum
1846 832 1997 930 perituri

349 962 499 1053 vident,
540 973 577 1035 et
602 959 714 1037 Gothi
738 974 933 1059 postquam
958 962 1145 1035 Alaricum
1172 988 1299 1061 regem
1324 986 1430 1035 suum
1457 986 1540 1033 cum
1565 959 1691 1035 multis
1723 959 1855 1058 apibus
1886 960 1998 1033 fovea

349 1092 388 1165 in
413 1090 601 1164 Barentini
633 1090 749 1162 amnis
782 1091 888 1163 alveo
921 1086 1019 1162 lacta
1043 1088 1303 1181 condiderunt,
1340 1114 1539 1185 rursusque
1566 1113 1679 1185 aquas
1709 1087 1813 1161 fluvii
1842 1087 1996 1161 reduxe-

350 1231 446 1309 runt,
478 1244 526 1291 ne
559 1244 580 1289 a
612 1241 795 1315 quoquam
828 1215 1046 1313 quandoque
1072 1219 1175 1290 locus
1204 1228 1506 1317 cognosceretur,
1538 1217 1701 1289 fossores
1727 1239 1855 1289 omnes
1887 1216 1996 1288 inter·

354 1326 534 1437 emerunt,
561 1344 714 1418 Jordan.
742 1368 771 1415 c.
797 1346 855 1416 30.

451 1516 591 1589 Eadem
623 1516 700 1589 fere
732 1517 893 1607 ratione,
934 1517 1042 1589 etiam
1074 1518 1104 1591 si
1130 1543 1207 1590 non
1234 1518 1314 1614 pari
1340 1542 1422 1589 curu
1449 1528 1571 1588 sumtu
1598 1527 1635 1589 et
1667 1525 1842 1611 apparatu
1875 1537 1995 1611 neque
2084 1559 2086 1562 -

350 1645 562 1735 homicidio,
589 1657 687 1717 certe
712 1643 963 1717 nobilissimus
989 1645 1141 1741 quisque
1171 1672 1215 1719 eo
1241 1658 1408 1742 tempore
1427 1655 1688 1741 postmortem
1710 1642 1911 1715 honoratus
1930 1653 1994 1715 est.
2084 1699 2089 1713 ,

352 1773 480 1871 Itaque
511 1772 665 1870 posthac
701 1772 855 1845 ecclesia
886 1772 1085 1845 christiana
1113 1772 1152 1844 in
1182 1772 1246 1845 illo
1275 1774 1392 1864 luctu,
1432 1796 1539 1869 quem
1567 1768 1751 1845 Jordanes
1777 1770 1880 1861 dicit,
1911 1795 1994 1841 cum

353 1900 488 1999 gaudio
514 1901 631 1973 mixto
658 1900 817 1972 maxime
845 1899 1008 1972 offendit.
1046 1898 1090 1972 ln
1117 1902 1332 1975 universum
1357 1901 1467 1998 igitur
1494 1897 1693 1991 „sacrificia
1704 1901 1990 1971 mortuorum“1

353 2029 377 2101 i.
405 2054 435 2101 e.
461 2028 674 2101 inferiarum
700 2027 898 2101 celebratio
924 2028 1192 2124 prohibentur;
1234 2029 1299 2101 sed
1326 2028 1457 2100 eodem
1481 2027 1558 2099 fere
1584 2038 1750 2123 tempore
1778 2027 1889 2098 etiam
1910 2052 1994 2100 con-

351 2156 474 2229 cilium
500 2155 654 2253 Liptinis
680 2154 777 2251 apud
808 2154 977 2228 Francos·
995 2152 1190 2230 Ribuarios
1220 2182 1253 2256 a.
1281 2159 1353 2228 744
1386 2155 1552 2229 habitum
1584 2154 1702 2251 primo
1735 2154 1841 2227 titulo
1868 2154 1914 2226 de
1941 2180 1995 2229 aa·

352 2283 502 2381 crilegio
535 2282 582 2355 ad
608 2283 775 2380 sepulcra
799 2296 1046 2375 mortuorum,
1082 2285 1196 2358 altero
1224 2285 1270 2357 de
1297 2284 1488 2381 sacrilegio
1516 2307 1625 2379 super
1650 2282 1844 2365 dehinctos
1869 2282 1907 2353 id
1940 2294 1996 2354 est

351 2411 566 2485 dadsisas
599 2412 742 2502 statuit,
780 2410 843 2483 illo
878 2412 955 2483 sine
989 2410 1102 2485 dubio
1135 2396 1172 2485 in
1199 2412 1371 2485 convivia
1395 2423 1666 2507 nocurrnasque
1691 2434 1808 2508 prope
1832 2408 1994 2482 tumulos

350 2540 646 2631 comissationes,
685 2540 756 2613 hoo
776 2540 831 2619 ,in
863 2541 1025 2625 carmina
1042 2540 1364 2613 animadvertens.
1420 2538 1540 2613 Etiam
1573 2539 1637 2611 illo
1670 2537 1770 2636 quod
1803 2562 1914 2637 supra
1947 2562 1995 2610 ex

349 2664 541 2740 Benedicti
570 2666 720 2741 Levitae
754 2668 970 2741 collectione
1002 2668 1191 2743 laudatum
1225 2678 1297 2760 est,
1337 2666 1457 2741 edicto
1491 2666 1736 2739 admonentur
1767 2666 1912 2758 fideles,
1954 2677 1996 2739 ut

351 2818 487 2894 „super
510 2796 672 2869 tumulos
697 2818 767 2868 nec
791 2796 1015 2870 manducare
1040 2822 1109 2872 nec
1135 2796 1263 2872 bibere
1284 2801 1555 2895 praesumant“,
1582 2807 1620 2869 et
1645 2806 1793 2869 sanabis
1819 2791 1993 2893 Eligius²

348 2923 468 3017 †659
495 2922 657 2996 Francos
671 2920 789 2996 Salios
816 2925 888 2997 hoc
912 2926 1025 2998 modo
1053 2925 1268 3000 adhortatus
1295 2938 1374 2998 est:
1412 2922 1565 3017 „Nullus
1586 2925 1805 2997 christianus
1825 2923 1864 2995 in
1883 2947 1995 3020 puras
2038 2943 2043 2951 ·

350 3052 435 3150 (leg.
449 3052 575 3150 pyras)
602 3051 728 3126 credat
752 3077 872 3148 neque
899 3054 936 3126 in
964 3066 1074 3126 cantu
1101 3054 1238 3146 sedeat,
1265 3055 1350 3153 q'uia
1375 3079 1489 3152 opera
1514 3052 1698 3127 diabolica
1718 3057 1852 3129 sunt“..
1874 3049 1995 3140 Quum

350 3191 471 3253 autem
498 3180 710 3254 convivium
737 3190 774 3253 et
800 3182 1010 3256 comissatio
1036 3208 1103 3280 per
1129 3195 1288 3275 noctem,
1315 3195 1512 3279 antequam
1537 3194 1704 3254 mortuus
1730 3181 1902 3253 humatus
1929 3189 1995 3268 est,

349 3308 565 3400 habebatur,
592 3333 668 3380 non
688 3309 807 3383 solum
829 3321 1015 3383 cantatum
1038 3324 1103 3403 est,
1131 3310 1195 3385 sed
1217 3324 1255 3384 et
1268 3312 1488 3384 saltationes
1510 3322 1546 3384 ct
1567 3310 1655 3401 ludi,
1684 3305 1995 3405 quemadmodum

349 3436 534 3533 quondam
562 3433 742 3510 etGraeci
767 3438 900 3526 fecere,
928 3451 1009 3510 acta
1035 3451 1129 3514 sunt.
1180 3437 1372 3512 Invenitur
1392 3440 1489 3512 enim
1510 3463 1629 3511 canon
1652 3437 1750 3534 apud
1765 3435 1995 3532 Reginonem

348 3563 561 3662 (Haraheim
587 3563 639 3657 Il,
679 3567 766 3662 500)
795 3593 813 3639 e
840 3566 1013 3659 concilio,
1052 3581 1093 3642 ut
1118 3570 1287 3660 ferturl,
1326 3567 1520 3641 arelatensi
1547 3567 1780 3662 desumptus,
1814 3587 1921 3660 quem
1949 3559 1996 3632 ad

350 3689 554 3768 Germanos
579 3695 716 3767 referre
744 3694 845 3786 licet,
887 3694 1089 3792 ejusmodi:
1129 3697 1275 3790 „Laioi,
1320 3696 1379 3794 qui
1415 3695 1589 3770 excubias
1619 3695 1757 3768 funeris
1785 3695 1996 3783 observant,

461 3945 467 3975 ¹
491 3944 658 3994 Rariomanni
678 3945 779 4008 capital.
801 3957 823 3994 a.
843 3941 905 4012 ita,
926 3945 938 4010 5
957 3942 973 3996 5
991 3899 1075 4012 (Pdrtz
1094 3947 1143 4013 iii,
1165 3942 1220 4010 ti.)
1237 3946 1362 3996 Bonifatii
1379 3946 1454 4008 epist
1474 3945 1519 3996 44.

459 4073 470 4102 ³
491 4071 615 4136 u’acnery
633 4075 791 4137 spicilegium
810 4070 913 4137 (litt.)
933 4076 966 4140 ii,
985 4071 1029 4127 aa.
1051 4075 1151 4126 Grimrn
1171 4076 1249 4137 myth.
1270 4087 1328 4139 app.
1348 4075 1429 4124 m.

459 4201 529 4251 nIte
554 4203 601 4252 hac
624 4215 653 4252 rc
676 4203 753 4253 dubia
775 4203 832 4252 vida
856 4201 1039 4254 liclimannum
1070 4205 1086 4254 Ι.
1114 4205 1183 4268 inp.
1207 4199 1248 4255 10.
1296 4203 1399 4266 Repetit
1422 4208 1505 4252 totum
1524 4203 1607 4252 locum
1626 4182 1789 4253 Bhrchardns
1809 4201 1994 4253 wormatiens.

351 4289 394 4366 tib.
415 4290 455 4354 X,
478 4305 500 4341 c.
520 4287 563 4342 34.
584 4306 609 4354 p.
631 4288 715 4343 ista
739 4288 843 4355 (1535.)
870 4291 900 4343 cl.
920 4293 1040 4356 interrog.
1062 4289 1103 4344 54.
1124 4308 1150 4357 p.
1174 4290 1207 4346 13
1224 4295 1250 4344 b.
1269 4293 1387 4358 (Grimm
1407 4295 1484 4355 myth.
1505 4305 1562 4356 app.
1580 4292 1701 4344 xxxiii.
1720 4291 1839 4354 XXXV).
1861 4317 1896 4327 ·-
1914 4288 1996 4340 htiert

255 4373 261 4394 ‘
350 4379 578 4444 Waclenugeiius
596 4383 729 4444 (wessobr.
751 4384 806 4445 geh.
827 4397 851 4446 p.
872 4379 918 4447 25)
942 4385 1101 4434 traditione
1121 4385 1274 4435 labbeanae
1294 4385 1458 4435 conciliorum
1476 4383 1645 4452 collectionis,
1665 4386 1787 4447 utputo,
1813 4382 1894 4431 altera
1913 4381 1995 4430 locutu

349 4469 438 4548 buret
457 4472 600 4538 „Carmina
618 4474 816 4536 diabolicaqnac
835 4477 965 4526 nocturnis
985 4465 1053 4526 hoiis
1072 4489 1150 4539 super
1168 4483 1283 4526 mortuos
1301 4475 1392 4537 vulgus
1410 4475 1494 4525 lacera
1511 4474 1587 4538 solet,
1602 4481 1628 4524 et
1646 4474 1792 4539 cachinnos,
1803 4486 1868 4535 quos
1887 4475 1995 4533 exercet,

306 4588 314 4607 .
353 4561 403 4611 sub
422 4565 606 4614 contestatione
625 4564 807 4627 omnipotentis
827 4565 867 4614 dai
887 4565 1048 4632 prohibctc“,
1060 4572 1085 4616 ct
1106 4579 1164 4616 esse
1183 4567 1295 4617 edictum
1313 4573 1401 4616 contra
1412 4565 1526 4616 Suoncs
1545 4566 1657 4616 affirmat
1674 4565 1764 4626 synodi
1781 4562 1996 4614 romanachona

351 4649 386 4700 iv
406 4664 471 4715 papa
490 4653 574 4728 medio
594 4653 679 4703 seculo
699 4654 735 4703 1x
754 4655 855 4706 habitae
866 4673 874 4719 ς
894 4656 939 4705 scd
959 4657 990 4706 dc
1009 4657 1055 4707 hac
1074 4657 1136 4706 nihil
1156 4657 1267 4719 invenio,
1291 4655 1400 4706 occurrit
1418 4661 1504 4706 autem
1522 4656 1592 4706 idem
1611 4657 1682 4705 iocus
1700 4656 1727 4704 in
1747 4652 1948 4715 commonitorio,
1969 4654 1998 4698 nt

350 4740 439 4806 ianua,
469 4743 581 4818 episcopi
608 4743 739 4804 erriusdarn
768 4746 800 4794 ad
828 4747 972 4798 sacerdotes
996 4747 1128 4811 subditos,
1158 4747 1226 4808 quod
1251 4759 1281 4796 aa
1306 4746 1398 4796 duobb.
1419 4747 1496 4798 cond,
1512 4747 1651 4798 simulans.
1672 4752 1699 4796 et
1722 4746 1842 4807 parisien.
1862 4741 1997 4792 ediderunt

350 4829 469 4882 Marione
488 4837 514 4881 et
527 4833 632 4883 Ducant
652 4841 712 4886 tom
732 4835 789 4901 vii,
809 4851 834 4899 p.
854 4835 878 4888 4.
899 4850 954 4900 cap.
974 4833 1018 4887 40.
1281 4817 1285 4824 ’
