4784 5675
309 666 530 745 elericorum
563 661 704 737 invidia
734 662 1002 759 prohibuisset,
1041 663 1138 737 inter
1171 664 1332 760 majores
1364 676 1515 739 nostros
1547 667 1666 739 multo
1697 668 1837 765 largior
1871 681 1981 766 atque

309 794 469 891 amplior
502 790 686 889 ejusmodi
717 792 924 865 carminum
956 790 1038 866 fieri
1064 792 1228 888 potuerit
1255 793 1437 886 collectio,
1472 820 1586 893 quam
1611 796 1717 893 eujus
1742 797 1841 870 inter
1866 796 1980 874 lelan-

308 921 414 999 dicos
441 919 676 995 Saemundus
710 920 859 993 saeculo
892 918 1043 993 demum
1073 918 1273 995 undecimo
1300 934 1431 995 auctor
1457 922 1571 997 fuisse
1596 924 1724 997 sertim.
1774 922 1864 999 dem
1889 951 1980 1001 vero

309 1052 369 1129 bis
408 1050 547 1126 eddieis
580 1048 804 1123 carminibus
839 1036 1073 1145 potissimum
1100 1048 1282 1123 utendum
1307 1062 1366 1126 est
1389 1062 1567 1148 tanquam
1595 1053 1777 1151 exemplis
1804 1052 1981 1150 quodam·

308 1178 424 1255 modo
450 1178 630 1276 cognatis,
646 1177 780 1275 quibus
807 1189 974 1252 veterem
1000 1188 1151 1253 nostrae
1177 1179 1302 1275 poesis
1329 1179 1501 1255 ehorieae
1527 1180 1728 1280 imaginem
1742 1182 1980 1255 illust-remus.

308 1304 437 1405 Neque
472 1318 600 1384 tomen
634 1307 713 1403 eJus
746 1306 905 1403 vestigia
934 1306 1045 1403 plane
1071 1306 1293 1385 interierunt
1323 1308 1422 1384 inter
1453 1334 1542 1401 nos,
1582 1308 1650 1383 sed
1675 1322 1875 1408 supersunt
1901 1336 1981 1387 uon

306 1461 428 1535 pausa
457 1460 579 1533 nsque
613 1434 720 1532 parvi
755 1432 996 1511 aestimanda.
1049 1431 1147 1522 Quid
1180 1436 1279 1509 enirn
1313 1446 1351 1510 et
1381 1450 1564 1534 quanmm
1586 1463 1637 1511 ex
1662 1438 1887 1513 rusticorum
1913 1464 1979 1511 no·

308 1578 473 1652 strorum
492 1564 625 1639 ritibus
652 1589 695 1638 ao
721 1562 868 1653 fabulis,
896 1587 944 1635 ex
969 1563 1212 1659 puerulorum
1226 1564 1387 1662 denique
1401 1567 1595 1640 cantilenis
1610 1577 1649 1640 et
1667 1567 1810 1641 lusibus
1831 1566 1980 1641 adrem

307 1705 476 1771 nostram
501 1692 670 1765 utilitatis
695 1690 890 1783 redundet,
917 1716 1028 1765 nemo
1055 1716 1133 1765 non
1160 1693 1239 1783 scit,
1267 1694 1330 1790 qui
1353 1693 1451 1767 libro
1477 1694 1542 1767 illo
1567 1695 1889 1793 praestantissimo
1915 1694 1978 1768 Ja-

308 1824 395 1897 eobi
422 1820 592 1900 Grimmii
619 1820 665 1893 de
691 1819 925 1919 mythologie
951 1816 1224 1897 Germanorum
1249 1846 1416 1918 unquam
1441 1848 1530 1899 usus
1557 1835 1623 1896 est

410 1976 561 2051 Interea
598 2002 689 2049 vero
723 2002 770 2051 ne
805 1977 888 2074 quis
920 2000 987 2074 per
1016 1975 1109 2049 illud
1136 1977 1437 2075 octingentorum
1469 1978 1547 2053 fere
1581 2004 1765 2052 annorum
1805 1980 1976 2076 spatium,

306 2132 381 2205 quo
408 2106 579 2181 floruisse
606 2106 703 2181 inter
722 2104 930 2181 Germanos
956 2106 1088 2203 poesin
1115 2106 1303 2179 chorioam
1330 2108 1478 2199 seimus,
1506 2132 1589 2180 eam
1615 2108 1734 2181 solam
1761 2118 1872 2203 atque
1898 2107 1977 2180 uni·

307 2260 390 2309 cam
417 2234 516 2333 apud
543 2261 608 2308 eos
635 2247 753 2307 artem
778 2236 893 2309 fuisse
922 2235 1120 2328 existimet,
1147 2234 1379 2309 monendum
1406 2238 1558 2334 estjam
1585 2236 1734 2309 saeculo
1757 2246 1890 2332 quarto
1916 2236 1978 2309 rel

308 2366 439 2461 quinto
471 2365 603 2461 poesin
636 2364 778 2462 epicam
806 2364 885 2437 sive
920 2363 1126 2455 heroicam,
1166 2390 1239 2461 qua
1264 2375 1458 2457 „veterum
1485 2377 1588 2438 acuis
1615 2376 1653 2437 et
1677 2364 1778 2438 bella
1803 2386 1978 2437 caneren-

307 2498 409 2584 tum,
449 2491 548 2590 apud
574 2489 720 2567 Gothos
751 2504 794 2564 ut
827 2490 976 2565 videtur
1007 2504 1128 2565 ortam
1161 2504 1198 2565 et
1224 2491 1359 2565 deinde
1386 2493 1484 2592 apud
1511 2517 1642 2567 omnes
1667 2493 1746 2565 fere
1774 2489 1977 2566 Germano·

308 2646 392 2694 rum
414 2622 585 2695 nationes
613 2621 799 2694 excultam
826 2646 918 2693 esse.
959 2618 1077 2693 Simul
1104 2620 1215 2693 etiam
1241 2646 1390 2694 scurrae
1417 2621 1605 2719 mimique,
1631 2622 1694 2719 qui
1720 2632 1758 2693 et
1778 2621 1980 2694 histriones

309 2774 332 2825 u
357 2749 471 2823 medii
497 2750 580 2824 aevi
607 2750 850 2849 scriptoribus
877 2748 1069 2856 dicuntur,
1109 2752 1232 2849 (certe
1262 2749 1351 2822 inde
1384 2776 1407 2822 a
1440 2750 1589 2824 saeculo
1617 2748 1773 2848 octavo)
1812 2762 1981 2823 veterem

309 2891 428 2954 estem
462 2879 652 2953 chorioam
682 2903 891 2977 propagare
927 2903 969 2952 ac
997 2879 1174 2977 singulari
1201 2878 1361 2977 quadam
1387 2880 1531 2952 ratione
1559 2903 1736 2952 exercere
1763 2893 1978 2976 coeperunt.

311 3005 415 3096 Quae
450 3008 593 3100 omnia,
633 3007 802 3104 quamvis
836 3008 925 3081 satis
958 3007 1124 3101 diversa,
1164 3033 1278 3105 quum
1310 3033 1332 3080 a
1363 3009 1454 3081 viris
1481 3008 1601 3082 doctis
1627 3009 1764 3105 ubique
1789 3009 1868 3081 fere
1894 3034 1980 3082 oon·

310 3135 422 3209 fundi
450 3134 777 3232 deprehenderim,
817 3138 940 3210 visum
967 3149 1033 3229 est,
1059 3149 1102 3210 ut
1127 3138 1305 3238 cujusque
1331 3138 1426 3211 rat-io
1454 3149 1492 3211 et
1515 3137 1662 3211 indoles
1688 3138 1825 3210 rectius
1851 3135 1981 3235 digno·

313 3275 448 3354 stratur,
473 3263 585 3360 paulo
614 3265 722 3338 altius
749 3268 787 3338 in
812 3289 893 3338 rem
919 3265 1105 3364 inquirere
1131 3267 1375 3364 primumque,
1403 3277 1582 3363 quantum
1607 3265 1730 3337 adhue
1747 3265 1830 3338 fieri
1850 3265 1980 3363 possit,

313 3391 571 3464 demonstrare
607 3416 701 3488 quoe
735 3395 847 3468 fuerit
879 3395 968 3468 artis
1001 3395 1171 3468 ahoricae
1204 3395 1303 3492 apud
1335 3395 1497 3491 majores
1522 3393 1674 3468 nostros
1699 3396 1805 3468 ratio.
1857 3395 1982 3468 Aetio-

202 3538 215 3564 ·
312 3546 404 3596 num
431 3531 555 3594 autem
582 3521 814 3596 choricarum
840 3524 978 3621 triplex
1005 3535 1063 3598 est
1082 3549 1224 3623 genus:
1259 3547 1407 3621 pompa,
1435 3523 1582 3596 saltatio
1602 3522 1783 3612 etludus;
1824 3547 1981 3620 quorum

315 3663 352 3724 et
387 3651 698 3748 simplicissimum
733 3664 790 3726 est
820 3677 961 3751 pompa
991 3665 1028 3726 et
1059 3655 1164 3750 quasi
1195 3653 1434 3750 primitivum.
1499 3648 1622 3740 Quare
1655 3653 1788 3724 ceteris
1822 3651 1979 3743 omissis,

314 3803 428 3876 quum
453 3793 573 3853 totam
598 3806 677 3853 rem
705 3781 925 3856 absolvendi
953 3783 1012 3854 hio
1038 3807 1115 3855 non
1142 3782 1189 3856 sit
1215 3782 1331 3872 loeus,
1368 3781 1449 3854 sola
1474 3779 1521 3852 de
1545 3805 1768 3878 pomparum
1794 3780 1892 3878 apud
1918 3805 1979 3852 ve-

311 3919 412 3987 teres
439 3905 647 3982 Gennanos
676 3912 820 3983 actione
849 3912 1146 4008 carminibusque
1173 3911 1211 3982 in
1231 3911 1276 3983 iis
1297 3909 1471 3982 adhibitis
1492 3909 1758 4006 disputandum
1776 3935 1857 3982 esse
1879 3909 1979 3981 duxi.
2071 3921 2076 3930 “

415 4397 609 4501 singulare
644 4403 833 4500 quoddam
856 4407 1105 4498 uocabulum,
1145 4431 1217 4504 quo
1252 4405 1353 4502 apud
1384 4407 1545 4503 majores
1572 4419 1723 4483 nostros
1755 4431 1895 4503 pompa
1920 4430 1980 4502 ap·

313 4529 453 4636 pellata
485 4531 547 4624 sit,
579 4522 730 4606 invenio
763 4535 928 4624 nullum;
970 4535 1081 4608 etiam
1113 4533 1275 4608 dubitari
1307 4544 1448 4632 potest,
1488 4535 1576 4631 quin
1603 4536 1738 4609 chorus
1765 4561 1878 4635 quum
1903 4534 1978 4630 ple-

315 4682 472 4755 rumque
498 4659 537 4736 iu
563 4656 784 4736 deducenda
807 4688 946 4760 pompe
971 4679 1073 4738 reeta
1099 4676 1163 4737 out
1195 4662 1342 4738 modice
1368 4661 1509 4736 inflexa
1535 4664 1596 4738 via
1619 4663 1824 4760 pmoadere
1849 4663 1979 4752 soleet,

314 4805 454 4860 nomen
498 4785 590 4859 illud
628 4787 811 4888 zilsang
850 4791 1050 4892 acceperit,
1104 4790 1204 4888 quod
1241 4789 1405 4865 Graffius
1440 4789 1486 4863 V.
1527 4793 1612 4885 6592
1651 4790 1713 4865 Vl.
1760 4795 1831 4863 253
1871 4789 1980 4861 affert

315 4911 544 4990 Testimonia
570 4915 681 5014 igitur
707 4942 800 5013 quae
829 4930 978 4993 exstant
1003 4917 1252 5012 examinanda
1278 4931 1373 4994 sunt
