4784 5675
1151 316 1195 387 12

1021 429 1032 434 -
1046 428 1059 435 η
1071 426 1229 435 -ι-ι-...ι---α
1261 428 1282 434 ..

340 569 476 645 graeco
503 570 546 619 ac
572 570 728 619 romano
748 542 949 635 habebant,
977 542 1042 617 sed
1069 544 1190 641 capita
1216 543 1381 617 abscissa
1405 553 1444 616 et
1464 544 1618 617 exuvias
1637 544 1880 635 victimarum,
1907 544 2003 618 simi·

340 674 425 747 liter
458 686 496 746 et
529 674 698 746 homines
714 677 716 683 ’
730 672 800 745 diis
832 672 991 763 dicatos,
1038 673 1151 747 sacris
1183 672 1380 745 arboribus
1413 664 1713 769 suspendebant3
1754 671 1823 745 hos
1857 697 2002 770 quoque

341 801 440 875 ferro
468 800 622 873 caedere
650 813 687 874 et
708 800 925 891 scrobibus,
965 826 1061 897 aqua
1086 826 1129 873 ac
1155 825 1274 874 coeno
1301 824 1469 899 mergere
1496 800 1668 873 solebant
1684 802 1713 871 ¹.
1765 797 1916 873 Oblatio
1942 826 2002 873 au·

340 941 418 1004 tem
445 954 591 1020 eorum,
618 954 712 1026 quae
736 912 809 1002 'diis
836 927 1030 1021 destinata,
1057 928 1128 1000 boc
1155 927 1268 1001 modo
1295 928 1393 1001 facta
1417 926 1575 1001 videtur.
1630 926 1661 999 F
1662 927 1791 1001 arebat
1817 953 1861 1000 ea
1886 953 2003 1002 sacer·

342 1056 410 1131 dos
450 1058 527 1130 sive
568 1056 775 1155 quicunque
821 1081 926 1129 sacra
969 1056 1073 1148 fecit,
1121 1056 1306 1153 ceterique
1346 1056 1408 1152 qui
1447 1056 1603 1129 aderant
1641 1080 1725 1129 eum
1765 1056 1882 1129 secuti
1919 1068 2006 1129 sunt

341 1186 487 1284 agmine
522 1196 559 1258 et
591 1210 722 1283 gressu
748 1184 954 1281 composito
981 1184 1033 1256 ita
1057 1196 1100 1256 ut
1125 1208 1267 1257 sacram
1295 1184 1480 1262 arborem¹
1494 1184 1565 1271 vel,
1598 1208 1672 1280 quo
1698 1182 1874 1282 ponenda
1900 1195 2006 1256 erant

340 1314 414 1405 illa,
448 1314 585 1386 eirardo
613 1312 798 1385 ambirent
823 1336 1045 1409 carmenque
1073 1312 1192 1405 simul,
1220 1336 1293 1408 quo
1320 1336 1366 1384 ea
1390 1311 1462 1384 deo
1490 1311 1598 1384 alicui
1625 1309 1864 1401 dedicabant,
1898 1336 2005 1384 cane·

340 1454 447 1531 rent3
485 1452 683 1539 postquam
718 1464 808 1513 vcro
844 1466 981 1514 casua
1008 1440 1348 1537 locoposuerunt,
1387 1452 1429 1512 ut
1447 1438 1556 1512 flexis
1584 1439 1790 1512 cervicibus
1818 1451 1856 1511 et
1874 1464 2005 1537 preces

338 1542 517 1663 iacerent.
568 1568 626 1663 Ita
659 1568 757 1641 enim
790 1568 894 1641 illum
916 1565 1086 1665 Gregorii
1118 1568 1243 1665 magni
1277 1566 1398 1664 (diall.
1424 1566 1487 1639 lib.
1513 1564 1583 1657 III,
1618 1566 2004 1663 28)100um,ubide

341 1696 523 1771 sacrificio
552 1695 867 1794 aLangobardis,
903 1693 1064 1769 Tonanti
1090 1694 1161 1768 deo
1189 1707 1231 1768 ut
1255 1695 1412 1788 videtur,
1440 1695 1566 1768 oblato
1592 1696 1768 1791 loquitur,
1793 1695 2004 1793 intelligo-²:

319 1802 509 1930 '„Eodcm
537 1849 682 1921 quoque
708 1836 877 1921 temporo
906 1825 944 1921 (i.
973 1850 1002 1895 e.
1031 1835 1115 1896 ante
1131 1823 1340 1920 quindecim
1366 1822 1444 1897 fere
1472 1849 1590 1897 annos
1609 1848 1682 1920 quo
1697 1822 1868 1922 dialogus
1894 1822 2004 1919 scrip-

339 1965 400 2026 tus
421 1952 490 2049 sit)
518 1952 606 2025 dum
631 1953 709 2025 fere
738 1952 1002 2051 quadragintos
1029 1952 1122 2025 alios
1156 1952 1254 2049 (jam
1281 1951 1502 2024 christianos
1528 1926 1670 2048 factos)
1684 1948 1921 2049 Langobardi
1953 1961 2005 2022 te·

230 2065 236 2085 ⁵
340 2082 521 2183 nuissent,
547 2106 650 2153 more
679 2107 746 2154 suo
773 2080 1060 2153 immolaverunt
1090 2091 1201 2176 caput
1221 2104 1352 2175 caprae
1374 2079 1536 2169 diabolo,
1563 2079 1634 2152 hoc
1654 2081 1698 2171 ei,
1725 2104 1792 2176 per
1814 2079 2006 2151 circuitum

342 2220 543 2297 currentes,
571 2208 639 2308 (et)
667 2209 829 2282 carmine
855 2208 1018 2281 nefando
1040 2206 1277 2296 dedicantes;
1314 2234 1471 2306 cumque
1491 2188 1581 2281 illud
1602 2207 1673 2306 ipsi
1691 2207 1794 2305 prius
1812 2207 2005 2281 submissis

342 2337 549 2429 cervicibus
577 2336 792 2425 adorarent,
834 2362 897 2409 eos
925 2361 1089 2433 quoque,
1129 2362 1223 2433 quos
1250 2349 1435 2434 ceperant,
1462 2336 1534 2410 hoc
1561 2336 1716 2409 adorare
1741 2335 1881 2433 pariter
1907 2359 2004 2407 com·

341 2450 565 2567 pellebant.“
613 2461 735 2553 Quum
756 2489 846 2539 vero
869 2463 968 2562 apud
990 2490 1119 2537 ornnes
1141 2462 1348 2538 Germanos
1371 2463 1602 2538 sacrificandi
1622 2464 1714 2537 ritus
1735 2475 1860 2553 essent
1880 2461 2004 2555 iidem,

342 2592 475 2665 similia
501 2618 647 2691 quoque
675 2591 848 2666 omnibus
874 2592 987 2666 fuisse
1015 2592 1179 2664 carmina
1203 2617 1358 2668 necesse
1385 2604 1450 2666 est.
1886 2668 1897 2675 ,

340 2785 345 2792 .
439 2722 616 2794 Attamen
648 2722 737 2794 talia
769 2722 938 2803 carmina
965 2722 1090 2793 omnia
1124 2719 1307 2819 ejusmodi
1339 2720 1530 2812 flokkir,
1571 2744 1728 2817 quorum
1752 2719 1865 2816 paulo
1892 2743 2005 2816 supra

336 2839 569 2962 ⁴mentionem
608 2850 695 2941 feci,
735 2850 848 2923 fuisse
889 2875 999 2948 aegre
1034 2849 1125 2921 mihi
1156 2847 1425 2948 persuadeam3
1465 2849 1531 2924 sed
1565 2840 1677 2946 quum
1712 2873 1781 2922 usu
1815 2860 1852 2920 et
1876 2847 2002 2920 indole

307 2971 570 3051 -Graecorum
604 2977 752 3076 hymnis
786 3003 828 3050 ac
860 2978 1045 3076 prosodiis
1073 2977 1324 3075 comparanda
1348 2977 1560 3068 videantur,
1592 2977 1761 3076 profecto
1789 2975 2003 3048 continuam

343 3091 489 3208 quoque
517 3105 679 3178 fabulam
707 3107 743 3178 in
771 3105 853 3198 dei,
894 3106 996 3204 cujus
1024 3105 1102 3178 dies
1130 3120 1210 3180 erat
1235 3107 1369 3196 festus,
1408 3105 1589 3178 honorem
1618 3104 1794 3176 exhibere
1821 3114 2003 3200 poterant.

340 3207 425 3306 Duo
457 3234 569 3332 igitur
599 3233 713 3307 fuisse
747 3235 952 3316 carminum
986 3259 1139 3331 genera,
1175 3235 1308 3332 quibus
1340 3237 1379 3308 in
1405 3235 1551 3332 pompis
1578 3244 1786 3323 uterentur,
1820 3231 2002 3304 existima.

340 3339 445 3464 'Quae
472 3387 533 3434 res
561 3362 671 3434 etiam
698 3363 767 3436 bac
794 3363 1044 3462 disputatione
1068 3364 1302 3462 comprobari
1331 3362 1487 3437 videtur.

426 3483 551 3564 ¹Nulla
565 3489 664 3564 enim
679 3504 758 3564 erat
770 3495 890 3589 major
903 3516 1023 3589 neque
1040 3493 1201 3566 sanctior
1215 3489 1528 3590 apudGermanos
1542 3516 1690 3593 pompa,
1704 3515 1814 3586 quam
1827 3489 1892 3561 ubi
1907 3486 2003 3562 ordi·

342 3603 430 3731 nata
449 3620 526 3691 acie
547 3643 740 3692 universus
754 3621 913 3717 populus
927 3618 974 3692 ad
988 3621 1263 3718 proelium
1184 3622 1272 3694 rba
1300 3619 1392 3693 Eam
1408 3633 1531 3694 autem
1546 3620 1597 3692 ita
1609 3619 1824 3691 instructam
1841 3642 1933 3708 esse,
1961 3625 2002 3688 ut

337 3773 429 3831 ¹vere
431 3772 512 3854 pro
527 3772 664 3844 pompa
685 3770 791 3820 sacra
811 3747 1186 3844 aliquahabendat
1141 3761 1197 3842 sit,
1226 3762 1368 3822 certum
1384 3751 1452 3822 est.
1489 3747 1635 3821 Etenim
1650 3743 2002 3844 majoribusnostris

341 3857 521 3978 fortitudo
540 3901 616 3950 non
638 3875 750 3948 modo
772 3900 925 3967 summa,
953 3876 1019 3950 sed
1039 3903 1155 3975 prope
1177 3808 1304 3950 divina
1324 3877 1441 3950 virtus
1461 3903 1504 3948 ac
1526 3872 1605 3948 sola
1618 3901 1744 3972 patrna
1757 3899 1838 3954 ene
1853 3871 2003 3946 videba

341 3985 415 4105 tur,¹
439 4029 512 4101 qua
538 4005 647 4076 simul
674 4015 710 4075 ct
738 4003 857 4076 omnis
883 4005 953 4077 viri
980 4005 1097 4078 virtus
1124 4016 1162 4077 et
1183 4030 1356 4102 suprema
1375 4005 1540 4079 omnium
1561 4003 1736 4076 fatalis
1701 4028 1758 4076 vis
1779 4015 2001 4076 cerneretur.

342 4119 599 4240 pugnantibus
641 4131 739 4203 enim
772 4131 842 4230 ipsi
876 4130 926 4204 dii
960 4132 1091 4208 adesse
1119 4132 1383 4220 credebantur,
1423 4133 1586 4230 quinon
1615 4133 1734 4206 solum
1759 4131 2002 4206 fortissimum
2059 4184 2067 4199 .

342 4248 531 4384 quemque
552 4259 799 4362 adjuvarent,
817 4259 882 4332 sed
910 4259 1019 4334 etiam
1045 4264 1083 4336 in
1110 4263 1275 4360 ipsorum
1302 4261 1522 4353 habitacula,
1549 4260 1614 4333 ubi
1638 4260 1826 4358 perpetuis
1850 4261 2002 4358 procliis

342 4409 384 4508 ac
395 4388 592 4519 conviviis
619 4357 839 4478 fruerentur,
861 4413 943 4477 eos,
971 4390 1032 4484 qui
1053 4401 1173 4464 morte
1188 4391 1461 4478 occubuissent,
1487 4391 1705 4486 reciperent,
1732 4414 1889 4485 quorum
1911 4411 2000 4463 vero

335 4633 338 4642 ,
456 4592 464 4622 ¹
492 4591 552 4642 Tac.
573 4603 633 4642 ιιιιι.
655 4592 675 4656 Ι,
695 4587 738 4642 61.
778 4591 866 4642 Germ.
887 4605 910 4642 c
932 4588 973 4653 12
993 4587 1036 4669 32.
1048 4589 1091 4644 40
1102 4595 1238 4657 Procap
1253 4596 1278 4645 d
1299 4596 1324 4646 b.
1346 4595 1414 4658 gott.
1434 4595 1470 4662 n,
1491 4590 1533 4645 15.
1554 4601 1602 4646 cat.
1647 4593 1708 4644 vna
1725 4593 1861 4645 uramus
1879 4604 1920 4654 sp
1940 4588 2001 4641 Ha·

347 4649 436 4733 bition.
458 4689 506 4731 act.
527 4681 659 4732 benedict.
681 4695 731 4732 sec
747 4663 799 4732 ΙΙΙ.
820 4696 845 4744 p.
865 4677 920 4732 359
938 4695 978 4746 sq.

452 4799 521 4850 ’Et
538 4799 681 4852 Grimmius
699 4801 777 4862 msa.
798 4795 842 4870 st,
861 4802 961 4866 opinor,
981 4802 1073 4854 ecdem
1092 4804 1169 4855 modo
1189 4804 1273 4854 tocarn
1293 4801 1427 4854 {nattam
1515 4848 1518 4857 ι
