4784 5675
1083 562 1100 569 ἡ
1229 452 1251 523 5

404 683 514 759 Unde
555 684 721 781 sequitur
761 682 849 756 olim
894 682 1026 781 poesin
1064 680 1203 779 ubique
1248 706 1334 753 cum
1376 690 1505 753 vetere
1542 678 1714 777 populari
1752 679 1934 779 religione
1973 690 2078 753 arcte

401 815 570 913 junctam
598 836 702 901 esse3
743 812 831 909 quin
859 812 981 903 etiam,
1009 810 1040 884 si
1065 810 1177 908 paulo
1206 808 1316 882 altius
1341 809 1530 900 rimamur,
1558 806 1757 881 dicendum
1777 818 1835 882 est
1858 808 1964 882 initio
1992 832 2075 881 eam

403 967 588 1040 nusquam
615 952 722 1014 extra
746 940 967 1039 religionem
994 940 1207 1036 cultumque
1234 963 1381 1012 sacrum
1406 948 1594 1011 versatam
1620 957 1714 1029 esse,
1740 936 1808 1011 sed
1828 962 1976 1036 semper
1995 938 2077 1035 ejus

404 1082 550 1170 partem
589 1081 627 1143 et
665 1068 814 1167 quidem
854 1093 1038 1142 summam
1075 1067 1208 1160 fuisse,
1246 1066 1300 1140 ite
1334 1077 1377 1140 ut
1405 1038 1639 1141 non⁰solum
1668 1065 1707 1138 in
1741 1065 2077 1164 supplicationibus

405 1200 582 1295 festisque
610 1196 741 1271 diebus
760 1196 929 1295 publicis,
955 1220 1087 1271 verum
1108 1194 1394 1293 etiamprivetis
1413 1194 1507 1268 etin
1529 1218 1750 1292 unaquaque
1770 1194 1915 1268 solenni
1929 1195 2077 1269 actione

404 1329 530 1403 locum
555 1328 722 1401 haberet.
775 1322 916 1399 Omnes
942 1324 1081 1424 mythi,
1107 1325 1170 1422 qui
1197 1349 1220 1395 a
1243 1323 1380 1397 fabulis
1412 1322 1528 1422 epicis
1560 1333 1668 1396 caute
1700 1320 1953 1422 distinguendi
1978 1334 2076 1417 sunt,

407 1455 454 1529 ad
481 1466 601 1529 certus
629 1455 860 1553 singuloriun
886 1452 1043 1527 deorum
1067 1452 1269 1550 religiones
1294 1453 1492 1551 pertinent.
1530 1450 1684 1525 Minime
1704 1451 1817 1550 igitur
1836 1451 2076 1552 cogitandum

407 1595 463 1659 est
496 1609 560 1658 eos
596 1596 638 1656 ut
672 1583 811 1666 inania,
830 1581 1064 1679 quomndam
1095 1592 1323 1674 commenta,
1361 1582 1415 1655 ita
1446 1606 1594 1680 quoque
1620 1582 1667 1655 ab
1696 1581 1825 1655 otiosis
1852 1581 2074 1677 quibusdam

405 1712 621 1789 hominibus
656 1710 884 1786 circumferri
918 1722 955 1783 et
989 1710 1249 1803 oblectationis
1283 1734 1396 1783 causa
1418 1709 1563 1783 narrari
1589 1708 1719 1783 solitos
1746 1734 1851 1801 esse3
1892 1709 1958 1783 sed
1985 1722 2078 1807 quot

405 1844 558 1917 fuerunt
594 1840 731 1940 mythi,
771 1850 828 1912 tot
867 1840 979 1912 etiam
1005 1838 1120 1913 fuisse
1147 1839 1313 1912 carmina
1337 1839 1464 1936 utique
1490 1862 1646 1913 necesse
1673 1848 1752 1929 est3
1792 1838 1958 1911 carmina
1982 1863 2076 1913 vero
2128 1858 2135 1871 ·

406 1970 499 2045 haec
527 1994 650 2057 sacra,
681 1967 720 2042 id
747 1966 847 2065 quod
869 1968 946 2065 jam
972 1968 1187 2041 testimonia
1212 1979 1343 2041 nostra
1366 1968 1540 2065 probant,
1567 1992 1615 2041 ex
1637 1968 1827 2040 communi
1850 1969 2076 2066 populorum

407 2125 477 2174 usu
502 2125 580 2173 non
607 2122 629 2171 a
654 2095 850 2194 rhapsodis
877 2096 1032 2169 recitata
1056 2121 1177 2193 neque
1205 2120 1228 2167 a
1253 2096 1419 2195 singulis,
1446 2095 1514 2169 sed
1541 2121 1689 2194 semper
1715 2122 1738 2169 a
1756 2096 1872 2171 choro
1892 2096 1972 2172 sive
1996 2095 2077 2195 plu·

406 2228 510 2303 ribus
538 2225 646 2300 simul
674 2235 711 2299 et
737 2234 886 2297 cantata
912 2236 949 2297 et
975 2234 1058 2297 acta
1084 2235 1179 2297 sunt.

507 2354 778 2452 Antiquissima
816 2376 910 2449 quae
950 2364 1149 2450 supersunt
1193 2351 1239 2425 de
1279 2350 1552 2428 Germanorum
1595 2354 1702 2451 poesi
1743 2353 1959 2429 testimonia
2003 2354 2076 2429 huo

274 2530 278 2539 ·
407 2494 578 2584 spectant
604 2482 739 2556 omnia.
791 2476 986 2555 Pertinent
1011 2492 1136 2555 autem
1161 2481 1248 2555 inde
1275 2482 1322 2556 ab
1349 2508 1448 2557 anno
1478 2486 1525 2555 14
1549 2508 1584 2580 p.
1612 2479 1679 2557 Ch.
1704 2507 1753 2576 n,
1784 2508 1898 2579 quum
1924 2481 2077 2559 Germa·

406 2614 512 2687 nicus
539 2636 624 2685 cum
648 2608 782 2684 Marsis
808 2610 949 2683 bellum
976 2619 1123 2708 gereret
1149 2606 1251 2706 (Tac.
1279 2636 1365 2685 ann.
1391 2609 1425 2702 Ι·,
1460 2610 1535 2708 50),
1561 2635 1629 2708 per
1653 2621 1776 2685 totum
1802 2612 1941 2686 saeculi
1964 2614 2076 2710 primi

408 2740 607 2815 decursum
637 2764 754 2836 usque
788 2737 836 2813 ad
868 2739 946 2836 ejus
972 2738 1086 2813 finem
1114 2740 1374 2836 sequentisque
1401 2738 1564 2832 initium,
1598 2764 1710 2836 quum
1737 2738 1886 2815 Tacitus
1912 2740 1960 2817 de
1985 2739 2076 2820 Ger·

408 2871 534 2946 mania
557 2870 695 2946 librum
723 2881 761 2943 et
786 2868 939 2943 annales
967 2869 1169 2960 scriberet3
1207 2849 1688 2968 desideranturtamenper
1701 2870 1892 2945 saeculum
1905 2872 2077 2967 alterum,

407 3025 535 3074 rursus
568 3024 659 3074 vero
686 2997 913 3096 proveniunt
943 2998 1130 3074 bellomm
1160 3023 1244 3072 oum
1271 2997 1404 3074 Gothis
1431 3010 1468 3073 et
1501 3025 1524 3072 a
1547 2997 1700 3074 <iuliano
1726 3000 1951 3097 imperatore
1977 3001 2077 3076 circa

406 3125 580 3202 Rhenum
619 3139 810 3226 gestorum
842 3125 1085 3224 temporibus.
1147 3124 1294 3200 Deinde
1325 3152 1420 3224 quae
1452 3127 1524 3200 huc
1550 3127 1777 3220 referantur,
1813 3152 1900 3202 rara
1925 3129 2075 3228 quidem

407 3254 473 3330 sed
507 3281 601 3354 quae
630 3255 832 3348 sufficiant,
867 3279 935 3352 per
959 3254 1141 3330 tumultus
1166 3267 1378 3354 temporum
1403 3257 1662 3353 proximorum
1687 3257 1945 3351 inveniuntur,
1985 3258 2077 3334 dum

406 3385 576 3460 doctrina
609 3385 811 3458 christiana
848 3395 886 3457 et
918 3384 1074 3458 ecclesia
1107 3408 1264 3457 romana
1294 3385 1393 3459 inter
1425 3382 1698 3459 Germanorum
1738 3389 1911 3462 nationes
1942 3413 2075 3488 propa·

404 3525 491 3613 gata
525 3526 562 3588 et
593 3513 755 3588 stabilita
788 3525 854 3587 est.
905 3511 993 3586 dem
1027 3512 1114 3588 inde
1147 3511 1376 3586 sBonifacii
1408 3524 1529 3587 aetate
1560 3537 1628 3610 per
1659 3527 1781 3590 totum
1806 3519 1996 3592 saeculum
2021 3519 2075 3594 in·
2174 3542 2188 3571 ·

405 3667 565 3739 sequens
597 3643 860 3741 episcoporum
885 3642 1043 3716 concilia
1068 3667 1271 3741 regumque
1299 3641 1421 3716 edicta
1446 3641 1606 3734 „choros
1627 3646 1872 3718 saecularium
1891 3647 1953 3719 vel
1970 3648 2075 3745 puel·

403 3770 523 3844 larum
549 3771 694 3845 cantica
702 3775 734 3864 “,
761 3773 950 3864 „carmina
975 3771 1134 3869 denique
1168 3783 1206 3845 et
1229 3772 1312 3845 lusa
1332 3769 1517 3845 diabolice
1540 3773 1663 3870 turpia
1689 3785 1727 3846 et
1751 3774 1967 3848 luxuriosa“
1993 3786 2074 3851 tum

312 3921 316 3928 ·
405 3899 452 3971 ab
489 3899 654 3972 ecclesiis
688 3899 875 3998 sacrisque
902 3899 1033 3975 diebus
1064 3899 1314 3998 prohibenda,
1352 3913 1433 3974 tum
1468 3899 1611 3974 clericis
1643 3899 1877 4000 devotasque
1909 3903 2076 3979 multitu·

407 4023 483 4099 dini
508 4026 662 4101 vitanda
696 4052 777 4101 esse
809 4029 944 4102 iterum
970 4041 1080 4127 atque
1106 4030 1241 4103 iterum
1262 4029 1397 4127 jubent
1414 4032 1449 4121 ¹,
1483 4031 1536 4103 ite
1565 4042 1608 4104 ut
1639 4028 1747 4102 facile
1773 4029 1931 4130 intelligi
1955 4032 2076 4130 possit

405 4164 442 4227 ct
474 4156 638 4228 carmine
669 4156 733 4228 illa
767 4155 917 4230 chorica
947 4158 1030 4256 ipsa
1055 4157 1192 4232 veteris
1218 4157 1407 4257 religionis
1430 4159 1508 4256 jam
1535 4157 1798 4256 exstirpandae
1829 4173 2076 4236 monumenta

403 4281 536 4375 fuisse,
569 4284 705 4383 quippe
732 4311 857 4383 „quae
893 4286 938 4360 de
964 4311 1196 4386 paganorum
1220 4287 1294 4360 ritu
1319 4287 1612 4380 remanserint“,
1652 4299 1689 4361 et
1715 4300 1853 4385 quauta
1876 4299 1958 4362 tum
1982 4302 2076 4364 tem·

402 4410 505 4509 poris
546 4435 675 4486 eorum
714 4414 825 4489 fuerit
863 4416 980 4514 copia.
1046 4411 1168 4504 Quare
1208 4416 1332 4490 nullus
1364 4415 1512 4510 dubito,
1551 4418 1639 4516 quin
1672 4417 1744 4490 hoc
1776 4429 1964 4516 tempore,
2002 4420 2074 4494 nisi

516 4597 524 4629 ¹
546 4597 629 4648 Locos
648 4599 774 4662 plurimos
795 4613 879 4663 nequo
898 4609 985 4654 teman
1004 4615 1095 4653 omnes
1115 4604 1273 4666 collegerunt
1291 4603 1448 4654 wilhelmus
1462 4605 1649 4668 Wackernagel
1668 4605 1979 4671 (Wessohrunnergehet
1997 4620 2022 4669 p.
2035 4601 2071 4656 lo

404 4687 476 4752 sqq.)
504 4691 531 4738 et
546 4688 684 4740 llelnricus
702 4691 841 4741 Hoffmann
861 4691 1009 4754 (deutsches
1028 4693 1185 4744 kirchenlled
1204 4707 1229 4755 p.
1246 4689 1265 4742 8
1283 4697 1376 4759 sqq.);
1406 4707 1473 4755 quos
1492 4696 1547 4746 lere
1567 4697 1703 4759 exscripsit
1721 4709 1805 4759 neque
1822 4703 1911 4748 temen
1930 4697 2072 4760 quidquem

403 4777 501 4828 eddidit
520 4777 705 4830 Msssmsnnus
727 4781 780 4846 (die
800 4781 941 4832 deutschen
960 4783 1272 4846 ehschwliruugslormeln
1293 4798 1318 4847 p.
1338 4780 1393 4848 ll.)
1436 4786 1497 4837 hile
1515 4799 1575 4839 vero
1595 4788 1744 4850 etquidem
1763 4789 1915 4850 gavisurus
1935 4789 1967 4839 de
1985 4792 2074 4838 velers

402 4869 476 4928 poesi
502 4881 576 4919 sacre
601 4869 747 4921 munionis
773 4872 889 4922 iuvenies
908 4874 934 4922 lu
954 4872 1043 4924 iacobi
1063 4872 1181 4924 Grimmii
1201 4875 1266 4925 lihro
1286 4877 1319 4926 de
1336 4877 1490 4939 mythologie
1510 4877 1709 4929 Germanorum.
1747 4879 1848 4942 Quibus
1868 4886 1933 4942 nur,
1954 4879 2000 4927 sed
2021 4879 2071 4928 sd-

403 4958 462 5008 dem
482 4971 549 5022 quse
567 4961 624 5023 lpse
643 4961 752 5026 collegi3
781 4969 901 5025 superesi
919 4964 987 5013 enirn
1008 4965 1076 5026 largn
1096 4966 1174 5016 etiem
1193 4969 1296 5018 messis.
