4784 5675
1111 390 1316 507 ἐξ...

275 691 280 702 ,
384 611 518 687 tradita
545 633 624 686 esse
652 614 931 713 perhibeantur,
967 627 1003 687 et
1027 614 1251 704 immutasse,
1286 614 1318 687 si
1344 639 1436 711 opus
1464 628 1551 705 erat,
1591 627 1627 688 et
1653 615 1799 687 auxisse
1825 612 2024 685 verisimile

384 751 441 813 est
453 766 462 831 ;
502 738 588 837 quin
626 754 662 814 et
694 767 845 840 prorsus
877 766 977 814 nova
1008 738 1163 815 subinde
1202 766 1266 814 eos
1306 742 1536 838 excogitasse
1576 740 1823 815 arbitremur?
1881 738 2024 812 Verum

384 867 510 960 etiam,
545 868 575 941 si
603 870 764 942 carmina
788 869 852 940 illa
878 868 923 941 de
949 869 1080 958 Attila,
1113 870 1330 965 praesertim
1364 893 1453 942 vero
1484 868 1575 940 illud
1607 870 1653 942 de
1685 868 1881 959 Beovulfo,
1922 869 2027 965 eujus

383 1007 641 1094 argumentum
675 997 751 1070 fere
784 997 955 1087 refertur,
996 1008 1221 1093 spectamus,
1261 1022 1391 1070 eorum
1415 998 1634 1089 sententiae,
1673 1022 1720 1069 ne
1754 995 1873 1068 dicam
1898 994 2025 1085 verba,

387 1122 517 1220 quibus
547 1124 664 1196 virtus
697 1149 738 1196 ao
770 1123 947 1198 fortitudo
983 1123 1053 1195 viri
1085 1123 1124 1195 in
1156 1126 1368 1198 universum
1399 1123 1587 1217 laudatur,
1626 1125 1797 1197 diuturno
1836 1149 1905 1196 usu
1938 1147 2026 1220 quo·

383 1248 581 1323 dammodo
600 1252 697 1323 fixae
718 1263 755 1324 et
774 1253 850 1337 fere
871 1263 996 1324 vetere
1023 1252 1288 1325 consuetudine
1308 1237 1480 1325 videntur
1499 1253 1670 1327 sancitae.
1709 1251 1848 1325 Eadem
1876 1263 1962 1326 sunt
1987 1262 2025 1325 et

383 1378 647 1475 antiquissima,
695 1404 786 1475 quae
827 1390 1037 1476 supersunt,
1083 1382 1253 1477 exempla
1283 1381 1497 1455 breviorum
1534 1382 1680 1455 illorum
1720 1381 1937 1472 carminum,
1978 1380 2024 1453 de

382 1507 512 1602 quibus
540 1532 650 1605 supra
677 1508 820 1604 saepius
847 1506 1123 1605 disputavimus.

1022 1772 1350 1817 Μ----·ηιι------
1617 1725 1641 1815 ⁸.

413 2047 421 2062 ·
487 2029 751 2088 comitaturum
781 2044 837 2093 pag,
857 2026 890 2081 1⁰
905 2033 949 2086 tre.
970 2028 1011 2095 ΙΙ,
1032 2045 1096 2093 quae
1115 2032 1275 2083 sozomenus
1291 2023 1351 2079 etse
1368 2019 1430 2080 eect.
1441 2027 1474 2093 6λ
1487 2027 1520 2081 at
1540 2038 1628 2081 narret
1645 2033 1677 2081 de
1696 2026 1785 2099 ξοάνῳ
1796 2025 1844 2097 ἐφ’
1861 2025 2024 2099 ἁρμαμάξης

379 2116 487 2185 ἑστῶτι,
507 2122 574 2183 quoe
597 2120 766 2181 Athanaricus
782 2121 859 2181 judex
879 2122 1029 2175 circumvehi
1049 2127 1074 2171 ct
1093 2121 1190 2173 Gothos
1211 2122 1362 2172 christianos
1381 2122 1499 2182 precibus
1518 2134 1547 2171 ec
1565 2122 1695 2171 sacrifieiis
1714 2122 1829 2171 venerari
1848 2120 2022 2186 (neeeaeeustr

380 2208 426 2258 καὶ
446 2204 541 2274 θύειν)
558 2212 643 2271 jussit.
664 2238 696 2246 -
717 2227 724 2259 ε
744 2224 801 2273 pag.
824 2205 854 2260 ll
876 2212 920 2261 lin.
942 2206 971 2261 19
989 2214 1056 2275 gott.
1077 2211 1189 2273 getjen
1209 2213 1331 2276 satutare,
1352 2213 1418 2274 quod
1438 2224 1453 2260 a
1472 2213 1584 2274 gelen,
1604 2217 1683 2272 praet.
1703 2208 1756 2272 got
1775 2222 1866 2261 canere
1885 2209 1950 2272 (ege.
1967 2208 2023 2272 got

380 2299 517 2363 cantilena)
537 2291 676 2351 derivatum
695 2307 742 2351 est.
763 2328 795 2337 -

487 2426 620 2482 ottenis
641 2442 737 2491 quaeso
755 2424 840 2492 pap?
857 2430 901 2479 tin.
918 2425 960 2479 u:
981 2440 1150 2497 cernemus
1170 2434 1196 2479 et
1211 2430 1303 2479 testere
1319 2430 1443 2490 quaedem
1461 2430 1603 2489 typothetae
1622 2435 1725 2490 peccate
1740 2442 1765 2489 p.
1778 2422 1819 2480 to.
1832 2422 1873 2477 16.
1884 2429 2003 2489 coniers.
