4784 5675
453 682 599 761 Cultam
640 685 737 758 enim
780 709 861 758 esse
895 684 1093 783 aliquando
1127 685 1224 759 inter
1258 682 1468 759 Germanos
1499 698 1648 759 veteres
1681 702 1799 761 artem
1830 688 2020 764 choricam

352 815 435 913 ipsa
465 814 593 912 lingua
623 826 753 888 nostra
783 813 971 887 docemur.
1022 812 1107 887 Non
1140 812 1290 911 quidem
1314 815 1443 913 magni
1468 825 1556 888 sunt
1579 816 1762 889 momenti
1787 818 2020 915 superiorum

353 939 625 1018 Germanorum
653 942 836 1015 vocabula
860 942 924 1015 illa
954 953 1073 1041 gart,
1113 953 1356 1041 gartsang,
1389 941 1659 1041 gartleotb¹
1690 955 1728 1017 et
1753 944 1902 1039 similia,
1942 948 2018 1044 qui·

351 1070 422 1145 bus
450 1070 605 1144 chorum
631 1070 956 1169 significaverunt3
996 1081 1034 1144 et
1058 1070 1124 1145 vix
1151 1071 1267 1169 pluris
1289 1070 1424 1144 faciam
1442 1070 1756 1171 Anglosaxonum
1773 1072 1865 1148 illud
1889 1074 2019 1149 blud-

352 1196 570 1297 drasang,
609 1200 631 1271 i.
663 1224 694 1273 e.
729 1197 865 1273 chorus
900 1198 1035 1297 quippe
1070 1198 1132 1297 qui
1176 1198 1252 1273 alta
1291 1223 1386 1273 voce
1419 1224 1553 1274 canere
1587 1200 1721 1293 soleat,
1765 1200 1867 1276 unde
1906 1204 2019 1278 etiam

352 1327 569 1427 scalsang
604 1326 769 1425 psalmus
803 1327 954 1419 dicitur,
1000 1324 1108 1402 Graff
1134 1325 1205 1419 VI,
1246 1328 1329 1401 253.
1381 1322 1458 1401 Sed
1490 1338 1548 1401 est
1580 1352 1659 1402 vox
1696 1328 1881 1427 quaedam
1919 1332 2019 1431 apud

352 1480 483 1529 omnes
515 1466 664 1530 nostras
695 1456 868 1529 nationes
898 1455 1156 1549 usitatissima,
1197 1480 1291 1553 quae
1316 1436 1433 1529 totius
1460 1456 1549 1530 artis
1575 1456 1747 1531 cboricae
1774 1459 1955 1535 ambitum
1981 1472 2020 1535 et

350 1586 563 1662 universam
598 1585 677 1683 ejus
708 1584 892 1658 rationem
925 1595 962 1658 et
992 1584 1158 1658 indolem
1191 1594 1363 1657 accurate
1390 1583 1576 1657 describit
1626 1584 1764 1662 Laiks
1793 1588 1893 1663 enim
1919 1589 2018 1688 apud

351 1713 497 1792 Gothos
537 1714 708 1806 chorum,
750 1713 870 1786 leikr
908 1712 1008 1813 apud
1046 1713 1370 1810 septemtrionales
1405 1708 1612 1787 Germanos
1650 1714 1781 1789 ludum
1814 1730 1852 1790 et
1883 1717 2017 1811 lusum,

351 1844 450 1943 apud
482 1844 772 1943 Anglosaxones
810 1866 902 1916 vero
940 1841 1045 1914 lace
1085 1866 1163 1914 non
1194 1840 1317 1914 solum
1356 1840 1504 1932 ludum,
1544 1840 1611 1915 sed
1650 1843 1762 1916 etiam
1796 1844 2017 1918 sacrificium

349 1974 539 2047 victimam
574 1984 611 2046 et
640 1996 776 2045 munus
809 1968 1072 2067 quodcunque,
1105 1966 1205 2069 apud
1231 1969 1441 2067 superiores
1469 1969 1627 2067 denique
1654 1967 1863 2046 Germanos
1887 1997 2017 2074 rang-

349 2101 442 2175 leih
478 2100 609 2175 ludum
639 2099 901 2199 palaestricum
935 2109 973 2172 et
1008 2097 1105 2171 leih
1138 2098 1178 2171 in
1210 2096 1427 2171 universum
1461 2098 1636 2172 cantandi
1667 2099 1840 2193 modum,
1884 2126 2016 2176 verum

352 2232 463 2305 etiam
489 2229 674 2329 singulare
701 2225 891 2324 quoddam
915 2251 1034 2326 genus
1061 2226 1267 2300 carminum
1294 2226 1488 2324 significat,
1515 2252 1610 2324 quae
1637 2229 1761 2302 clerici
1785 2230 1900 2304 latine
1925 2256 2015 2306 mo·

350 2359 432 2432 dos
465 2358 768 2456 appellaverunt3
807 2379 965 2453 quorum
1000 2353 1150 2452 quidem
1182 2354 1245 2451 qui
1275 2354 1387 2427 luerit
1417 2379 1486 2453 per
1510 2354 1679 2451 medium
1701 2354 1837 2431 aevum
1862 2384 1951 2433 usus
1978 2372 2016 2435 et

350 2510 443 2584 quae
470 2488 577 2579 ratio,
603 2466 780 2584 quaerere
807 2483 989 2557 hocloco
1015 2483 1168 2582 minime
1192 2493 1365 2555 nostrum
1392 2494 1459 2575 est,
1484 2484 1705 2581 praesertim
1731 2511 1846 2584 quum
1869 2486 1941 2559 bac
1967 2486 2015 2562 de

348 2640 389 2689 re
420 2626 478 2689 tot
510 2615 675 2690 virorum
701 2611 1002 2687 doctissimorum
1028 2612 1126 2685 curis
1152 2612 1242 2686 satis
1268 2611 1441 2687 videatur
1467 2612 1705 2712 disputatum.
1756 2611 1927 2689 Verbum
1953 2600 2021 2690 au?

246 2736 248 2739 ’
348 2753 425 2817 tem
451 2741 660 2817 derivatum
684 2740 859 2835 laihan,
891 2738 1079 2814 leihhan
1112 2750 1180 2814 oet
1206 2740 1246 2814 in
1280 2740 1454 2815 omnibus
1483 2742 1633 2843 linguae
1666 2753 1819 2816 nostrae
1846 2742 2014 2822 dialectis

347 2871 539 2966 illudendi,
564 2873 604 2946 in
628 2871 796 2971 plurimis
823 2871 931 2945 simul
956 2869 1150 2968 proprium
1174 2868 1330 2986 ludendi
1355 2895 1507 2945 sensum
1531 2871 1656 2963 babet,
1684 2883 1842 2970 excepta
1867 2875 1949 2947 sola
1974 2885 2016 2948 ut

348 3000 496 3077 videtur
521 3001 687 3101 gothica,
719 3024 793 3097 qua
824 3023 999 3098 graecum
1025 3003 1151 3092 σκιρτὶν
1175 2996 1330 3072 laikan
1361 2997 1539 3073 redditur.
1591 2997 1679 3073 Jam
1703 3025 1794 3074 vero
1822 3001 1853 3074 si
1879 3002 2013 3076 affines

348 3129 537 3206 voces³:‘
561 3129 654 3204 leik
680 3153 766 3203 caro
794 3150 945 3225 corpus,
984 3126 1165 3226 galeiks
1196 3151 1265 3224 par
1292 3126 1437 3220 similis,
1475 3127 1711 3203 manleika
1738 3129 1899 3228 effigies,
1938 3156 2012 3228 ga-

346 3259 504 3334 leikan
529 3231 694 3356 placere,
729 3255 929 3330 convenire
956 3253 1199 3348 conferimus,
1239 3280 1324 3328 cum
1349 3255 1611 3354 probabilitate
1638 3255 1761 3354 aliqua
1785 3258 2012 3354 primitivam

347 3387 432 3464 voci
463 3385 632 3460 imitandi
664 3382 934 3480 simulandique
965 3383 1157 3457 notionem
1195 3383 1350 3457 subesse
1382 3383 1635 3482 suspicamur3
1674 3384 1854 3484 cogitavit
1884 3398 2011 3461 tamen

346 3515 426 3590 dac.
454 3507 654 3592 Grimmius
680 3511 726 3586 V.
753 3513 796 3586 cl.
822 3512 846 3585 l.
872 3512 895 3583 l.
923 3508 969 3584 de
992 3510 1174 3610 jungendi
1205 3512 1371 3585 notione.
1428 3508 1538 3600 Quod
1569 3522 1766 3609 utrumque
1798 3539 1884 3586 cum
1921 3503 2010 3589 artis

347 3643 517 3718 choricae
542 3643 686 3720 ratione
714 3651 799 3741 apte
827 3640 1027 3716 convenire
1054 3640 1174 3738 quivis
1200 3639 1382 3740 intelligit.
1422 3637 1601 3729 Quamvis
1628 3653 1752 3714 autem
1779 3666 1839 3716 res
1860 3642 2009 3716 videan-

344 3785 406 3848 tur
439 3771 729 3864 diversissimae,
769 3793 863 3866 quae
894 3793 970 3842 uno
1000 3768 1065 3842 illo
1097 3768 1282 3842 vocabulo
1317 3767 1522 3865 eodemque
1553 3793 1620 3867 per
1655 3767 1834 3844 dialectos
1859 3771 2008 3872 linguae

344 3911 495 3976 nostrae
521 3899 748 3992 indicantur,
781 3895 919 3970 cadunt
943 3907 1070 3970 tamen
1097 3921 1227 3970 omues
1252 3897 1351 3970 intra
1374 3896 1548 3996 regiones
1574 3921 1618 3970 ac
1644 3896 1738 3971 fines
1764 3900 1890 3998 poesis
1916 3901 2008 3974 anti·

346 4030 556 4128 quissimac,
583 4053 676 4126 quae
703 4027 742 4100 in
768 4025 983 4100 universum
1009 4026 1048 4099 in
1074 4023 1172 4098 huno
1198 4024 1277 4098 fere
1302 4025 1457 4099 modum
1483 4025 1644 4100 describi
1668 4036 1803 4124 potest
2012 4000 2016 4010 ¹

444 4155 574 4257 Mytbi,
600 4157 733 4254 quibus
760 4154 917 4227 deorum
941 4154 1020 4226 vita
1038 4177 1171 4250 resque
1190 4164 1318 4252 gestae
1339 4151 1574 4246 exhibentur,
1600 4177 1677 4226 non
1698 4154 1819 4226 solum
1840 4155 2006 4229 omnium

344 4287 456 4387 longe
483 4284 744 4376 vetustissima,
772 4279 838 4356 sed
864 4280 1062 4380 aliquando
1091 4291 1128 4355 et
1152 4281 1262 4354 unica
1287 4306 1330 4354 ac
1351 4282 1433 4356 sola
1449 4281 1590 4380 ingenii
1610 4281 1758 4378 poetici,
1785 4282 1896 4356 simul
1914 4309 2005 4357 vero

347 4415 458 4488 etiam
484 4413 684 4512 praecipua
709 4410 898 4510 religionis
925 4409 1150 4484 documenta
1174 4409 1334 4484 fuerunt.
1374 4408 1460 4484 Jam
1488 4420 1526 4483 et
1551 4409 1725 4502 carmina,
1752 4436 1846 4508 quae
1869 4413 2005 4486 scimus

345 4567 427 4618 esse
454 4540 714 4631 vetustissima,
754 4537 802 4612 ad
832 4564 947 4612 unum
975 4539 1100 4612 omnia
1125 4539 1277 4638 mythici
1305 4548 1392 4613 sunt
1418 4539 1624 4637 argumenti
1651 4552 1715 4612 aut
1741 4539 1872 4613 saltem
1899 4540 2003 4612 sacri.

462 4752 468 4781 ¹
496 4749 605 4800 'l'biesos
626 4748 717 4798 Bacchi
737 4746 870 4797 Sablettst.
891 4747 924 4808 gl.
945 4749 970 4795 lu
991 4745 1092 4808 llsupts
1112 4747 1253 4796 rcissebrilt
1271 4747 1289 4796 l.
1310 4749 1335 4796 d.
1356 4761 1380 4796 ι.
1401 4747 1432 4811 V,
1453 4743 1515 4798 336.

456 4851 469 4882 ¹
491 4850 529 4900 cl.
550 4849 604 4900 lec.
626 4848 745 4900 Grimmii
765 4850 841 4910 myth.
863 4861 887 4910 p.
909 4842 953 4897 35.

456 4954 543 5004 ⁸1⁸0.
564 4951 673 5002 unna.
694 4961 801 5012 gramm.
824 4951 856 5014 ΙΙ,
879 4943 921 5010 16,
943 4961 967 4996 n.
992 4941 1051 4996 18³.
