4784 5675
1180 402 1225 473 19

1043 508 1345 519 -η--ῥ-..ο

373 626 553 703 (imorum
577 627 638 701 nic
664 652 747 700 mos
773 626 930 701 cunendi
951 639 1040 702 onte
1063 652 1229 727 pugnatun
1255 627 1318 702 diu
1343 629 1439 702 intsr
1459 613 1665 702 Germanos
1690 630 1819 727 viguit,
1845 631 1948 727 cujus
1974 633 2031 707 rsi

375 746 552 855 plurimo,
592 780 685 853 quse
719 756 830 829 otiam
860 757 967 831 facile
1000 758 1127 855 augeri
1156 767 1331 855 possunt,
1370 757 1543 854 exemplo
1568 758 1756 856 congessit
1779 756 2029 833 Hoffmannus

359 884 589 982 (deutschen
617 882 844 956 kirchsnlied
869 908 905 981 p.
934 887 989 957 12.
1016 888 1062 957 ti
1092 885 1185 981 sqq.)

473 1011 649 1087 Carmine
681 1024 805 1083 autem
830 1011 893 1083 illo
924 1012 1018 1087 deos
1048 1012 1261 1087 celebrante
1285 1024 1453 1103 cantato,
1487 1035 1600 1109 quum
1621 1013 1700 1110 jsm
1723 1014 1765 1086 in
1792 1038 1836 1087 so
1864 1027 1962 1089 esset
1986 1006 2050 1089 ut¹

374 1164 481 1213 sums
501 1151 801 1232 consererenmr,
828 1140 967 1213 elsmor
992 1142 1221 1237 trucissimus
1235 1142 1297 1214 vel
1309 1151 1439 1213 cantus
1453 1138 1573 1213 attolli
1585 1140 1740 1233 solebat,
1767 1142 2030 1239 cujus-nomen

375 1266 618 1341 bnrditusl
647 1278 723 1344 inm
751 1268 896 1343 celebre
923 1292 1003 1342 esse
1029 1292 1147 1365 poene
1174 1267 1376 1341 dolendum
1401 1282 1468 1341 est.
1518 1266 1616 1342 Sunt
1639 1269 1702 1366 qui
1727 1281 1922 1366 utrumque
1943 1294 2030 1343 con·

375 1394 544 1487 fimdnnt,
569 1393 640 1469 sed
663 1420 744 1467 rem
767 1395 822 1469 its
847 1396 1052 1470 institutum
1079 1420 1160 1471 esse
1186 1408 1229 1469 ut
1253 1394 1366 1469 modo
1393 1394 1482 1489 dixi,
1508 1408 1547 1469 et
1570 1395 1749 1471 nsrrsndi
1774 1397 1904 1471 ordine
1929 1392 2031 1497 apud

377 1520 545 1597 Tacitum
568 1536 609 1598 st
634 1524 810 1623 singulari
824 1522 1004 1621 Vegetii²
1032 1534 1232 1622 praecepto
1260 1522 1557 1613 demonstratum
1582 1523 1897 1620 quemadmodum
1919 1511 2033 1599 etium
2069 1610 2074 1619 ,

374 1650 470 1725 illud
496 1651 595 1749 quod
619 1651 838 1727 Ammianus
866 1652 903 1750 (l.
928 1676 1042 1750 supro
1066 1676 1101 1749 p.
1113 1654 1158 1725 114
1172 1651 1212 1749 1.)
1239 1651 1286 1724 de
1299 1648 1553 1725 Romanorum
1578 1652 1720 1725 barritu
1746 1651 1864 1750 deque
1891 1650 2032 1727 Gotho

374 1762 459 1853 num
485 1792 596 1854 contu
621 1780 727 1854 simul
756 1779 890 1854 auditis
914 1790 1058 1872 narrat,
1090 1780 1198 1854 facile
1228 1779 1388 1878 intelligi
1411 1792 1553 1877 potest.
1596 1778 1693 1852 Num
1717 1779 1866 1853 illorum
1893 1781 2032 1853 exsuci

372 1916 446 1998 turs,
474 1908 536 2005 qui
560 1919 656 1983 teste
668 1906 829 1982 Caesare
856 1906 906 2005 (d.
922 1908 956 1983 b.
970 1908 1039 1981 civ.
1053 1906 1116 1996 ΙΙΙ,
1128 1908 1195 2015 ι92)
1223 1908 1335 1981 etism
1360 1932 1444 1979 crim
1470 1905 1631 1981 clamore
1657 1909 1768 2005 (teste
1795 1906 1945 2005 quidem
1963 1906 2031 1981 To

374 2034 451 2109 cito
479 2034 578 2132 (hist.
590 2034 656 2127 iV,
686 2036 747 2133 18)
774 2058 858 2109 cum
872 2036 1034 2133 silentio)
1053 2036 1233 2133 impetum
1252 2036 1375 2109 facere
1395 2034 1576 2127 solebant,
1601 2060 1716 2132 quum
1735 2036 1884 2109 soeculo
1898 2047 2031 2132 quarto

301 2143 306 2152 ¹
376 2161 549 2236 barbaris
573 2163 701 2237 referti
727 2176 861 2255 essent,
880 2164 958 2259 jum
983 2164 1214 2237 burborsm³
1243 2164 1344 2236 illam
1369 2164 1596 2237 barritum
1621 2164 1691 2263 (its
1716 2175 1941 2237 commutato
1966 2188 2033 2237 no·

376 2292 478 2364 mine
509 2292 726 2401 appellatus·
751 2293 829 2390 est)
867 2290 991 2365 ciendi
1015 2290 1323 2367 consuetudinem
1357 2304 1608 2390 susceperunt
1659 2290 1802 2365 Verum
1827 2293 1938 2366 etism
1962 2292 2033 2390 ipsi

375 2417 528 2495 barbari
553 2442 698 2494 morsm
722 2420 826 2493 illum
851 2418 1011 2518 primum
1037 2421 1265 2514 immutasse,
1289 2420 1426 2495 dsindo
1448 2431 1486 2493 et
1503 2416 1694 2518 reliquisse
1717 2420 1914 2511 videntum
1941 2416 2035 2493 nihil

370 2546 474 2619 enim
512 2570 633 2645 nsque
672 2549 861 2621 anostris
895 2549 1043 2622 serioris
1076 2561 1175 2644 sciat
1160 2543 1500 2646 inscriptorum,
1540 2574 1660 2647 neque
1687 2574 1711 2624 s
1734 2548 2033 2641 Nordmannis⁴,
2081 2537 2085 2546 ’

486 2734 588 2785 ¹Sic
580 2748 606 2784 m
627 2736 699 2787 codd.
720 2736 825 2798 optimis
851 2738 877 2785 st
899 2734 1018 2796 plurimis
1041 2738 1165 2799 scriptum
1185 2737 1329 2802 invenitur,
1356 2735 1400 2785 aiii
1419 2736 1515 2789 natent
1532 2736 1724 2803 harditum,
1744 2738 1787 2787 alii
1805 2736 1916 2799 denique
1935 2738 2038 2787 bari*-
2108 2758 2113 2766 ·

371 2829 450 2874 tum.
488 2826 527 2878 lta
547 2830 634 2876 tamen
652 2826 768 2878 mustus
794 2823 975 2892 (artistarum
992 2839 1025 2876 nu
1044 2826 1148 2878 Tncitus
1166 2826 1255 2878 Germ.
1275 2841 1301 2891 p.
1323 2821 1387 2890 144)
1413 2831 1439 2877 et
1457 2811 1684 2891 Grimmiusm.
1702 2822 1765 2878 876.
1785 2829 1863 2890 myth
1883 2822 1947 2886 titt
1967 2828 2035 2890 apud

376 2915 492 2966 Tacitum
512 2917 676 2969 scribendum
696 2929 755 2966 esse
775 2922 884 2966 consent
901 2929 1044 2978 vocemque
1061 2919 1261 2982 interpretantur
1280 2918 1439 2981 clamorem,
1468 2929 1527 2967 esse
1544 2920 1616 2971 enin
1634 2919 1801 2970 derivandum
1821 2933 1837 2970 a
1854 2921 1908 2969 iris.
1928 2918 2034 2969 baria.

379 3005 455 3067 Quod
475 3007 577 3067 quidem
597 3006 760 3068 significare:
791 3005 967 3072 manifestare,
989 3020 1119 3073 accusare,
1140 3014 1208 3058 recte
1229 3008 1334 3073 dicunt,
1355 3018 1460 3058 sensum
1481 3013 1567 3058 tamen
1587 3009 1714 3060 clamandi
1733 3011 1819 3060 inesse
1837 3011 1946 3072 protare
1964 3021 2036 3059 nun-

376 3107 455 3164 qnam
473 3102 604 3160 poterunt,
621 3097 672 3146 vid.
691 3095 842 3146 liicnttroten
863 3095 970 3147 alttries.
989 3099 1040 3148 nt.
1059 3111 1081 3150 s.
1095 3113 1119 3148 v.
1156 3097 1279 3160 vorstius
1297 3103 1324 3147 et
1341 3093 1497 3148 Ammianus
1516 3099 1669 3151 barritus
1688 3077 1821 3166 sortiunt3
1850 3099 1918 3161 quod
1938 3112 1968 3150 rx
1986 3099 2036 3149 ds-

374 3188 524 3250 pravatione
550 3187 591 3238 vel
618 3187 805 3238 assimilrtioue
833 3193 918 3238 ortum
947 3201 980 3238 na
1007 3195 1077 3252 puta.
1124 3189 1189 3242 Nam
1224 3188 1292 3252 apud
1314 3186 1473 3251 Appuleium
1497 3189 1613 3250 aliosque
1630 3192 1743 3242 barritus
1766 3191 1948 3253 elephantum,
1970 3201 2036 3250 quos

272 3302 277 3311 -
374 3276 498 3327 Horatius
518 3277 603 3340 (epod.
626 3273 669 3356 ¹22
692 3271 719 3340 l)
738 3277 857 3327 barros
877 3278 956 3344 dixit,
986 3281 1098 3342 rugitum
1117 3281 1253 3344 significat,
1273 3284 1299 3327 at
1318 3278 1349 3327 ci.
1371 3278 1463 3328 isidor.
1483 3278 1569 3342 origg.
1579 3281 1638 3346 xil,
1659 3278 1684 3347 i,
1707 3277 1758 3332 llt
1787 3282 1864 3345 Apud
1882 3281 1960 3331 Indos
1979 3279 2036 3328 ele-

260 3371 264 3388 ·
373 3367 486 3429 phantns
506 3379 520 3416 a
538 3379 599 3416 vore
628 3366 748 3416 barrus
779 3374 899 3433 vocatur,
927 3381 975 3418 vor
1000 3371 1056 3429 rjus
1084 3373 1238 3424 barritus
1245 3386 1255 3434 ς
1284 3369 1352 3430 quod
1377 3368 1482 3429 quidem
1501 3369 1680 3437 dubitandum,
1699 3370 1759 3422 Pott
1777 3373 1880 3434 etymol.
1899 3369 1993 3421 iorscn
2012 3367 2035 3432 1,

370 3457 489 3508 mxl.
528 3457 580 3508 Sed
603 3469 652 3510 rot
675 3458 766 3518 utique
786 3458 893 3510 tarbrra
913 3464 968 3524 nst„
993 3466 1060 3511 teste
1078 3458 1230 3524 Amiano,
1261 3472 1346 3522 neque
1364 3460 1500 3536 originitus
1518 3462 1616 3526 latina3
1649 3465 1757 3514 minime
1775 3470 1861 3513 tarum
1879 3460 2033 3524 germanica.

372 3547 438 3598 Nam
465 3548 566 3598 etiamsi
590 3561 678 3598 vocem
705 3549 821 3599 barditus
840 3562 899 3600 oum
919 3550 1007 3602 'tacito
1025 3551 1215 3602 Germanorum
1235 3564 1294 3602 asse
1314 3552 1441 3614 dicamus,
1468 3551 1592 3602 barritum
1612 3555 1698 3616 potius
1717 3567 1732 3604 a
1749 3555 1873 3604 Romanis
1892 3553 1923 3602 dc
1943 3548 2050 3602 eadem

372 3649 399 3685 ra
419 3644 571 3701 usurpatum
591 3650 726 3687 esserum
747 3637 883 3688 Gerlachio
902 3641 1072 3706 suspicamur,
1098 3643 1166 3703 quod
1186 3640 1325 3693 clamorem
1344 3641 1466 3691 bellicum
1487 3641 1676 3694 Germanorum
1697 3657 1756 3694 cum
1776 3642 1913 3694 inconditis
1931 3642 2035 3692 bollun-

372 3739 430 3777 rum
448 3729 520 3778 sonis
540 3733 728 3790 compararunt.
765 3727 927 3780 Vocabulum
946 3731 1101 3782 tarditas
1122 3733 1247 3794 explicare
1265 3733 1353 3782 nescio
1363 3749 1372 3796 3
1409 3731 1455 3782 sed
1474 3742 1580 3793 prorsus
1598 3735 1685 3797 inepta
1703 3739 1744 3784 est
1767 3745 1855 3783 comm
1880 3733 1965 3794 opinio
1989 3733 2035 3794 qni

374 3815 405 3865 de
424 3817 510 3870 bardis
530 3816 662 3868 Gallorum
682 3823 722 3894 et„
737 3824 765 3868 ut
783 3818 877 3884 ierunt,
899 3819 1086 3872 Germanorum
1107 3823 1190 3883 poetis
1209 3823 1380 3872 somniarunt.

485 3926 497 3956 ¹
518 3923 557 3976 Da
577 3939 597 3974 r.
618 3926 692 3975 milit.
716 3927 761 3991 ill,
784 3920 834 3976 ts:
874 3925 978 3977 clamor
996 3934 1082 3978 antem
1101 3941 1178 3994 quern
1198 3905 1360 3979 bariitnm
1380 3935 1480 3995 rorant,
1500 3931 1572 3992 prius
1591 3945 1642 3981 non
1662 3931 1738 3981 debut
1757 3931 1847 3994 attolli,
1868 3943 1946 3992 quum
1964 3931 2034 3981 scies

372 4017 484 4075 utraque
504 4015 672 4076 sejunxerit
710 4015 893 4078 imperitorum
913 4019 982 4070 enim
1000 4020 1042 4069 rat
1060 4021 1209 4082 ignavorum
1230 4026 1270 4070 est
1288 4019 1421 4070 vociferari
1440 4021 1472 4070 dr
1491 4021 1575 4086 ionga,
1603 4033 1660 4074 snm
1680 4023 1768 4072 nostes
1786 4021 1869 4084 magis
1878 4026 2032 4086 terreantur,

375 4105 398 4156 sl
417 4117 476 4156 cnm
495 4107 605 4158 telorum
624 4107 677 4158 ictu
697 4107 817 4158 clamoris
838 4113 919 4158 terror
938 4111 1085 4180 accesserit²

487 4224 498 4255 ⁸
518 4224 626 4276 Festusr
656 4226 878 4277 tartaricum
898 4227 1041 4289 appellatur
1060 4228 1157 4278 clamor·
1176 4231 1312 4294 exercitus,
1331 4229 1450 4279 videlicet
1468 4231 1535 4292 quod
1555 4241 1586 4280 ro
1604 4239 1697 4292 genere
1716 4231 1817 4280 tartari
1837 4236 1950 4280 utuntur.

487 4341 501 4372 ⁴
522 4339 674 4392 Corteratur
693 4349 780 4393 tamar
800 4343 886 4394 sacru.
909 4339 943 4394 tt
963 4345 1006 4394 in:
1037 4345 1103 4410 (scil.
1124 4349 1266 4398 canninnm
1287 4346 1456 4412 magicorum)

584 4433 632 4500 pst
651 4435 719 4482 kann
739 4434 769 4482 el
790 4433 811 4484 it
829 4433 925 4499 clleits,
947 4435 974 4484 ei
990 4437 1021 4486 el
1039 4436 1094 4485 siai
1114 4435 1142 4485 til
1161 4442 1260 4487 orrosto

584 4522 652 4572 leina
671 4521 783 4586 linguiri
796 4539 802 4573 ε

583 4613 659 4663 undlr
678 4615 765 4664 randlr
785 4615 884 4682 eliget,
906 4627 938 4667 on
957 4616 1017 4687 teir
1033 4619 1095 4669 men
1115 4617 1162 4668 riti
1183 4617 1237 4668 iura

584 4701 659 4752 hoilir
677 4704 761 4756 hildar
780 4704 818 4769 til,

654 4794 732 4844 hilir
745 4795 812 4846 lritdi
830 4792 878 4862 ill,

658 4885 733 4936 toan
751 4887 811 4955 psit
829 4886 904 4938 hsilir
921 4889 1029 4940 trauan.
