4784 5675
1027 402 1272 517 ..A
1295 506 1330 513 -.

357 628 471 727 Cujus
504 630 558 705 rei
588 628 800 703 testimonia
831 626 923 719 hacc
957 640 1042 701 sunt
1076 626 1275 726 (deutsche
1310 571 1639 727 sprachdenkmale
1671 625 1760 725 (sec.
1784 624 1884 725 XII)
1909 624 2009 725 hrsg.

357 783 434 833 von
459 755 619 854 Karajan
645 780 679 855 p.
708 758 767 849 26,
792 754 816 847 l,
844 755 888 827 cf.
916 758 973 847 37,
1002 755 1063 855 9):

671 898 731 973 Do
755 900 849 972 riten
875 899 943 973 nu't
969 900 1035 973 der
1060 891 1215 975 broute'

671 1026 884 1103 chindische
909 1029 1021 1119 loute,

581 1140 583 1145 ⁸
671 1160 760 1229 riter
786 1154 955 1252 gemeite,

671 1282 812 1357 harlich
839 1283 1000 1379 gereite:

670 1410 757 1509 hoy,
783 1409 851 1483 wie
878 1414 910 1482 si
935 1410 983 1482 do
1011 1436 1164 1509 sungen,

670 1537 718 1610 do
745 1541 776 1611 si
803 1536 855 1610 sie
882 1538 982 1611 heim
1007 1540 1200 1638 brungenl

326 1670 329 1678 ’
356 1696 394 1759 et
406 1682 641 1782 Lamprechti
653 1680 933 1781 Ratisponensis
953 1682 1183 1775 (Lachmann
1203 1684 1320 1757 rhein.
1342 1707 1435 1757 mus.
1452 1682 1582 1785 (1829)
1595 1677 1660 1775 ΙΠ,
1686 1680 1775 1779 423)
1801 1680 1840 1757 hl
1857 1677 2009 1756 uersus:
2057 1653 2060 1657 ι
2113 1784 2117 1794 Ι

671 1826 723 1902 sie
750 1828 901 1903 wurden
927 1829 1093 1904 vroelich
1120 1826 1197 1904 und
1223 1828 1359 1928 gemeit

670 1983 767 2057 gegn
793 1959 825 2030 ir
852 1958 1072 2057 antphange.

669 2086 737 2159 mit
763 2097 912 2159 sdezem
931 2082 1185 2183 minnesanpe,

670 2212 753 2311 (daz
781 2216 855 2321 sint
881 2212 1153 2311 epithalamica)

669 2342 736 2414 mit
762 2341 835 2414 den
860 2340 1092 2414 brdtleichen
1119 2352 1212 2413 wart
1238 2340 1291 2413 sie
1317 2338 1365 2411 da

669 2468 707 2541 in
734 2469 801 2542 daz
827 2471 932 2567 palas
959 2468 1240 2568 gecondwieret.

355 2614 478 2713 Atque
503 2614 637 2689 eodem
649 2614 846 2690 referenda
859 2614 1043 2708 videntur,
1072 2639 1164 2711 quae
1179 2610 1353 2687 Sidonius
1366 2614 1592 2712 Apollinaris
1619 2615 1746 2711 (carm.
1760 2609 1812 2709 V)
1839 2609 2009 2686 deFran·

357 2744 408 2817 cis
434 2754 574 2836 narrat,
601 2768 694 2841 quos
717 2741 876 2817 Romani
893 2743 1087 2842 repentino
1107 2740 1270 2815 adventu
1289 2767 1406 2842 prope
1426 2743 1548 2816 vicum
1568 2738 1751 2813 Helenam
1769 2736 1890 2812 adorti
1906 2749 2008 2836 sunt:
2140 2778 2144 2785 ·

975 2873 1052 2944 fors
1078 2871 1178 2968 ripae
1207 2871 1300 2943 colle
1326 2871 1533 2969 propinquo

668 2997 883 3074 barbaricus
909 2999 1109 3072 resonabat
1134 2999 1272 3099 hymen
1298 2999 1544 3098 scythicisque
1571 2996 1716 3069 choreis

667 3127 833 3200 nubebat
858 3125 956 3200 flavo
984 3127 1111 3200 similis
1138 3152 1238 3199 nova
1261 3137 1377 3223 nupta
1404 3125 1547 3218 marito,

354 3273 443 3346 licet
464 3273 543 3369 jam
569 3272 615 3346 de
641 3273 815 3346 convivio
843 3285 879 3344 et
905 3273 1166 3346 comissatione
1193 3271 1348 3370 nuptiali
1374 3296 1495 3344 sermo
1524 3294 1606 3343 esse
1631 3267 1824 3341 videatur:

671 3398 799 3474 Hostis
825 3410 930 3499 terga
956 3398 1079 3472 dedit:
1108 3400 1281 3497 plaustris
1307 3399 1459 3472 rutilare
1485 3397 1632 3470 videres

669 3526 870 3600 barbaricis
897 3551 992 3626 vaga
1018 3527 1113 3600 festa
1137 3529 1237 3600 thori
1264 3527 1502 3624 conjectaque
1528 3525 1669 3624 passim

670 3655 809 3726 saccaria
835 3655 1072 3752 captivasque
1100 3654 1214 3754 dapes
1241 3655 1409 3752 cirroque
1427 3653 1600 3731 madente

667 3783 767 3855 ferre
791 3793 988 3857 coronatos
1014 3783 1223 3858 redolentia
1248 3795 1347 3856 serta
1371 3781 1523 3854 lebetas.

357 3926 524 4001 Choreas
551 3939 675 4002 autem
699 3901 881 4024 ludosque
909 3930 946 4002 in
974 3929 1146 4002 convivio
1175 3940 1238 4002 aut
1261 3940 1348 4026 post
1374 3938 1476 4002 actos
1507 3933 1649 4023 spectat
1677 3922 1804 3998 titulus
1823 3913 2012 3995 LXXXIII

356 4055 502 4128 concilii
536 4056 832 4154 aquisgranensis
867 4058 953 4130 anni
987 4060 1058 4132 816
1099 4055 1320 4154 (Harzheim
1345 4054 1378 4148 I,
1412 4054 1508 4152 476)
1548 4050 1787 4125 claodiceno
1822 4050 1908 4124 anni
1939 4051 2010 4122 372

356 4175 544 4280 (Labheus
569 4182 597 4276 Ι,
625 4187 696 4257 790
721 4185 775 4257 tit.
791 4185 854 4282 54)
880 4187 1079 4281 repetitas:

445 4334 554 4426 Quod
573 4364 649 4413 non
665 4351 834 4436 oporteat
854 4339 1064 4416 sacerdotes
1080 4352 1144 4415 aut
1158 4341 1258 4414 cleri·
1360 4331 1404 4402 ὅτι
1434 4333 1467 4400 od
1492 4339 1542 4399 δεῖ
1557 4339 1717 4422 ῖεριιριιιεῖε
1739 4331 1758 4416 ἧ
1778 4335 1929 4418 ιλιρρικιῖρ

445 4490 508 4539 cos
528 4467 804 4565 quibuscunque
832 4447 1051 4565 spectaculis
1070 4470 1109 4542 in
1137 4471 1257 4544 scenis
1360 4489 1442 4536 τινες
1458 4463 1591 4547 &sapiae
1603 4463 1732 4546 tropen
1748 4455 1930 4546 ῖιριῖριεισῆ

344 4589 349 4608 ’
446 4605 509 4666 aut
533 4595 571 4667 in
596 4597 732 4694 nuptiis
751 4597 941 4690 interesse,
970 4597 1036 4670 sed
1063 4610 1261 4702 antequam
1362 4597 1499 4666 δείπνοις,
1521 4586 1611 4657 dato?
1628 4587 1683 4676 τρό
1704 4589 1758 4656 wi
1777 4597 1930 4677 εῖεέρχεσ·

444 4721 633 4820 thymelici
656 4723 926 4823 ingrediantur,
967 4749 1165 4824 exsurgere
1193 4751 1258 4799 eos
1360 4723 1417 4788 θιιι
1454 4716 1641 4798 θυμελικούς
1669 4699 1843 4805 &telesilla
1878 4716 1929 4783 ιε’-

444 4851 619 4928 convenit
644 4865 752 4949 atque
778 4855 865 4930 inde
892 4853 1091 4928 discedere.
1360 4846 1428 4926 vov'r
1449 4856 1503 4918 ιιιιὶ
1524 4849 1711 4936 dragmam·
