4784 5675
1157 391 1205 463 30

1028 500 1075 507 ...-
1081 500 1106 507 --
1122 496 1336 507 --.-.-.—-——.

670 620 737 689 sut
762 614 1031 713 begnornodon
1059 612 1176 691 Getta
1201 614 1308 689 leode

669 742 815 817 hlaford
839 743 962 817 leofne
988 740 1318 841 heordhgeneitas.

669 870 823 943 cvaadon
851 871 932 945 that
958 871 1003 945 he
1030 894 1127 945 vaere
1154 870 1449 969 voroldcyninga

666 1013 803 1063 manna
828 988 980 1063 mildust
1005 987 1078 1061 and
1103 988 1382 1079 monthvaerust,

668 1117 818 1190 leodum
843 1116 984 1231 lidhpst
1010 1115 1083 1189 and
1108 1116 1379 1213 lofgeornost¹.

354 1261 474 1352 Quem
506 1264 702 1351 honorem,
743 1262 917 1359 quoniam
959 1274 1016 1335 est
1054 1260 1362 1359 simplicissimus,
1401 1286 1451 1335 ex
1486 1274 1614 1335 vetere
1652 1274 1799 1360 patrum
1836 1264 2003 1340 instituto

353 1391 426 1465 hoc
458 1392 541 1465 loco
576 1391 654 1489 regi
687 1402 835 1463 mortuo
860 1389 974 1464 tribui
998 1414 1109 1461 nemo
1136 1414 1214 1461 non
1238 1388 1362 1479 videt3
1400 1412 1521 1487 neque
1547 1388 1678 1465 dubito
1705 1388 1792 1488 quin
1816 1389 1887 1465 ista
1910 1410 2004 1483 mos,

354 1544 464 1617 quem
496 1530 628 1617 postea
658 1516 768 1616 paulo
802 1528 982 1591 mutatum
1016 1527 1052 1589 et
1085 1527 1233 1618 auctum
1267 1540 1348 1590 esse
1374 1514 1720 1611 animadvertimus,
1753 1519 1864 1593 etiam
1888 1509 2005 1591 Taciti

354 1657 475 1719 aetate
515 1646 611 1719 inter
645 1644 851 1721 Germanos
891 1644 1058 1743 viguerit.
1110 1642 1205 1716 Nam
1234 1644 1321 1717 licet
1353 1645 1425 1719 hoc
1458 1670 1658 1740 sumamus,
1690 1644 1865 1723 Germani
1894 1644 2005 1745 igitur

355 1774 434 1871 ejus
466 1796 612 1869 quoque
644 1784 811 1869 tempore
845 1773 978 1845 similia
1010 1798 1052 1845 ac
1084 1772 1138 1844 illi
1162 1770 1333 1845 Beovulfi
1359 1774 1513 1848 comites
1539 1774 1755 1867 cecinerint,
1786 1785 1912 1848 tamen
1936 1774 2004 1847 aa

355 1924 427 1997 quo
440 1901 523 1998 jure
551 1924 625 1991 eos,
652 1910 848 1996 postquam
873 1925 969 1999 rogo
993 1901 1102 1973 certis
1128 1924 1273 1997 quoqne
1299 1900 1409 1998 lignis
1435 1913 1575 1977 structo
1601 1904 1785 2001 armisque
1811 1903 1941 1999 cuique
1967 1912 2005 1974 ct

354 2054 451 2125 equo
477 2026 629 2125 adjectis
658 2052 815 2123 corpora
841 2052 992 2101 suorum
1006 2028 1262 2119 cremaverint,
1288 2029 1493 2125 sepulero²
1522 2029 1680 2129 denique
1695 2031 1856 2127 caespite
1871 2038 2005 2119 erecto,

354 2157 518 2229 lamenta
544 2181 586 2228 ac
611 2155 781 2227 lacrimas
809 2155 899 2245 cito,
939 2154 1106 2228 dolorem
1140 2180 1229 2229 vero
1271 2167 1307 2229 et
1337 2156 1523 2230 tristitiam
1554 2159 1660 2233 tarde
1687 2158 1854 2257 posuisse
1885 2156 2006 2230 disere

353 2285 484 2383 potuit.
535 2282 696 2357 Feminis
722 2268 849 2381 lugere
876 2283 1074 2357 honestum
1102 2294 1168 2375 est,
1194 2284 1283 2357 viris
1308 2284 1531 2359 meminisse.

456 2426 523 2501 llis
550 2452 651 2520 vero,
679 2452 772 2525 quae
797 2426 910 2501 modo
938 2428 983 2501 de
997 2429 1168 2501 funerum
1182 2430 1328 2503 actione
1343 2432 1605 2529 congessimus,
1633 2456 1686 2522 ea,
1714 2454 1806 2528 quae
1821 2448 2007 2529 suprapo-

354 2558 504 2649 suimus,
532 2557 679 2656 egregie
705 2558 943 2630 illustrantur.
994 2554 1151 2629 Flebant
1176 2558 1274 2629 enim
1299 2558 1364 2630 illa
1384 2556 1551 2633 similiter
1572 2584 1614 2633 ac
1635 2559 1813 2633 sacrificia
1826 2556 1873 2631 ab
1888 2558 2006 2631 electo

354 2698 418 2757 aut
444 2696 546 2758 certo
571 2685 764 2772 hominum
790 2708 964 2777 numero,
1005 2708 1113 2782 quem
1141 2684 1294 2775 chorum
1316 2686 1398 2783 jure
1425 2686 1536 2780 dicas,
1570 2711 1707 2786 pompa
1733 2694 1796 2761 aut
1820 2697 1923 2760 recta
1947 2682 2008 2759 via

273 2839 281 2852 ·
354 2824 418 2888 sut
444 2815 589 2912 agmine
615 2812 715 2888 flexo
742 2810 978 2913 procedente.
1029 2812 1202 2889 Carmina
1227 2825 1350 2888 autem
1375 2815 1448 2908 illa,
1475 2840 1568 2914 quae
1594 2814 1641 2890 de
1660 2814 1892 2890 Theodorico
1913 2810 2008 2888 Viri·

354 2941 556 3040 gothorum
588 2964 693 3041 rege,
728 2941 775 3014 de
804 2943 917 3017 Attila
943 2943 1051 3017 etde
1077 2942 1260 3018 Beovnlio
1286 2945 1522 3038 canebantur,
1557 2969 1605 3018 ex
1629 2957 1798 3043 tempore
1822 2953 1861 3016 et
1885 2942 2006 3018 subito

353 3073 455 3145 facta
482 3097 562 3145 esse
590 3071 738 3145 debent.
789 3070 917 3169 Neque
936 3046 1085 3146 'eorum'
1101 3083 1229 3146 auctor
1255 3073 1347 3146 alius
1375 3098 1455 3145 esse
1481 3084 1628 3170 poterat
1652 3073 1724 3147 nisi
1750 3073 1826 3146 dux
1852 3071 2007 3170 agminis

353 3200 432 3274 sive
466 3201 665 3298 choraguS,
706 3201 768 3297 qui
795 3213 831 3274 et
856 3212 1075 3299 praecentor
1103 3213 1139 3273 et
1164 3201 1334 3298 praesul;
1373 3201 1487 3274 ceteri
1514 3202 1611 3276 enim
1638 3227 1691 3292 ea,
1718 3225 1811 3298 quae
1830 3196 2005 3271 'canendo

352 3329 495 3427 praeiit,
522 3341 704 3427 repetunt,
733 3343 841 3427 atque
867 3329 996 3402 itidem
1023 3331 1100 3427 ejus
1128 3329 1227 3402 viam
1252 3343 1290 3402 et
1315 3340 1437 3404 motus
1460 3341 1671 3426 sequuntur.
1716 3325 1843 3424 Neque
1869 3353 1891 3398 a
1915 3349 2005 3398 vero

354 3457 527 3536 oberrare
560 3458 670 3532 nobis
704 3457 889 3548 videmur,
925 3457 956 3530 si
982 3457 1183 3555 choragum
1210 3481 1339 3530 verum
1366 3482 1408 3530 ae
1434 3459 1624 3556 proprium
1650 3456 1922 3553 antiquissimas
1948 3477 2005 3525 se·

352 3587 440 3661 tatis
466 3597 615 3684 poetam
643 3609 723 3660 esse
751 3586 1019 3678 contendimus,
1047 3611 1166 3682 neque
1193 3609 1240 3658 ne
1266 3585 1305 3657 in
1331 3585 1557 3682 cujusquam,
1583 3587 1645 3687 qui
1669 3607 1813 3658 morem
1832 3567 2009 3680 graecum

353 3714 579 3807 meminerit,
617 3713 945 3812 reprehensionem
972 3714 1159 3788 incurrere
1185 3714 1381 3812 possimus,
1425 3739 1596 3787 veremur
1622 3713 1653 3785 si
1678 3737 1758 3786 rem
1782 3712 2009 3784 invertamus
2123 3809 2129 3820 ,

353 3853 558 3940 poetasque
589 3842 761 3940 proprios
795 3842 872 3939 ejus
907 3843 1085 3938 temporis
1118 3842 1301 3941 choragos
1333 3842 1446 3914 fuisse
1480 3842 1653 3916 dicamus.
1705 3837 1808 3929 Quos
1841 3862 1920 3911 non
1951 3861 2008 3909 so·

353 3970 431 4043 lum
457 3972 528 4045 illa‘
550 3971 840 4059 αὐτοσχεδιοὶσματα
880 3971 1029 4062 fecisse,
1064 3969 1129 4044 sed
1157 3971 1267 4044 etiam
1294 3970 1467 4061 carmina,
1495 3970 1626 4066 quibus
1651 3971 1690 4042 in
1715 3967 1872 4068 publicis
1899 3963 2008 4037 actio·

354 4089 464 4162 nibus
495 4091 711 4182 utebantur,
749 4089 837 4162 licet
870 4089 1086 4186 plerumque
1121 4113 1165 4162 eo
1200 4100 1374 4187 tempore
1408 4087 1661 4190 antiquissima
1693 4097 1729 4159 et
1761 4083 2009 4182 amajoribus

468 4314 476 4345 ¹
499 4313 533 4362 Ut
556 4312 581 4362 id
606 4313 680 4364 decet
702 4312 837 4362 hominum
856 4323 984 4372 quemque
1005 4311 1092 4361 domin
1102 4323 1145 4360 um
1175 4322 1252 4360 suum
1279 4311 1390 4360 amicum
1409 4309 1493 4359 vertis
1512 4309 1634 4359 extollere
1652 4310 1791 4368 animoque
1810 4318 1897 4357 esrom
1915 4305 2010 4354 hahere

357 4401 459 4462 quanm
486 4403 508 4452 ts
538 4403 585 4453 hae
614 4404 665 4453 vita
693 4401 824 4454 discedere
854 4405 880 4450 et
903 4401 998 4450 misere
1023 4401 1088 4450 mon
1107 4400 1191 4451 debet.
1238 4401 1277 4450 ltu
1297 4401 1417 4462 lugebant
1435 4399 1576 4450 Gestorum
1595 4397 1647 4461 trel
1665 4395 1794 4459 tutorum)
1812 4397 1860 4449 riri
1877 4396 2010 4446 dominum

356 4490 480 4542 dilectum
504 4484 710 4543 contuberhsles.
748 4489 862 4552 hlehant
885 4503 944 4540 eum
969 4491 1049 4540 luisse
1074 4491 1141 4540 inter
1164 4503 1255 4540 omnes
1280 4492 1336 4551 ejus
1361 4491 1453 4540 aetatls
1473 4501 1546 4551 reges
1564 4491 1676 4540 virorum
1695 4486 1961 4550 lsrghstmum'donts
1979 4493 2009 4532 sc

357 4581 605 4648 mansuetissimum,
626 4582 720 4645 populo
738 4581 905 4634 mitissimus
924 4579 1059 4643 laudisque
1077 4591 1136 4633 vero
1156 4580 1363 4642 cupidissimus.

468 4697 481 4730 ⁸
503 4695 578 4748 Geth.
598 4699 704 4749 hltlvs
720 4699 778 4749 ahu.
798 4699 869 4751 hlto
889 4711 943 4762 age.
964 4693 1039 4750 littv
1062 4699 1237 4764 13ιιιῐιιιιΙιιε,
1259 4697 1332 4748 collis
1346 4705 1371 4749 et
1385 4699 1551 4763 sepulcrum
1581 4699 1613 4749 et.
1634 4695 1692 4748 shd.
1711 4695 1851 4747 hohhus!
1871 4691 1945 4744 Grau
1960 4687 2007 4756 m,

359 4781 409 4837 167
430 4799 445 4838 a
464 4788 583 4849 husten
603 4790 700 4852 erigere
725 4789 890 4842 denvsudsm
917 4797 943 4839 et
967 4787 1028 4840 alen
1049 4791 1138 4840 iuml
1156 4789 1313 4853 sepulcrum,
1334 4788 1393 4840 shd.
1414 4789 1619 4852 ptehlrnpida
1638 4786 1730 4853 mnus,
1756 4795 1822 4848 quae
1842 4798 1857 4835 s
1875 4783 2008 4833 kimbas

358 4890 468 4944 comere,
488 4891 580 4930 ornare
599 4879 736 4930 derivanda
754 4893 813 4932 esse
832 4879 1057 4974 doeetGrtqrmtus
1077 4881 1109 4930 sd
1129 4877 1210 4931 Andr.
1230 4879 1257 4945 t,
1278 4881 1355 4941 myth.
1378 4877 1456 4932 tato.
1477 4873 1554 4932 laos.
