4784 5675
1181 382 1229 479 u

479 631 555 708 aad
593 634 816 707 aratoriam
849 634 1176 709 nauseantium
1209 642 1308 709 usus.
1366 633 1469 709 luen
1495 636 1591 709 enim
1606 634 1792 711 semines
1825 646 1856 709 c.
1884 622 1941 730 lt,
1967 621 2035 711 ati

383 761 568 860 gothicam
594 762 673 837 sliie
698 760 811 835 dnbio
837 762 1090 839 narrationem
1116 766 1262 837 seoiitds
1289 762 1335 837 de
1362 761 1498 837 Attilae
1525 754 1664 837 infeills
1691 766 1783 862 agit,
1821 766 1919 863 tegis
1953 768 2032 839 col·-

381 900 472 987 pore
503 891 540 963 in
567 888 697 965 mediis
725 890 865 988 tainpis
890 892 1057 989 intraque
1084 891 1246 967 tentoria
1272 891 1388 965 serica
1413 885 1611 984 collocato,
1639 894 1717 991 jain
1743 880 1789 965 de
1815 873 1901 966 'tuta
1920 882 2032 991 genle

381 1014 603 1091 Hunnorum
634 1016 875 1091 electissimos
903 1020 1062 1115 equites,
1099 1020 1224 1093 locum
1257 1021 1295 1093 ili
1320 998 1472 1095 modum
1504 1021 1722 1094 circensium
1756 1019 1924 1095 riurs‘ibu's
1956 1025 2031 1092 aih-

381 1145 536 1238 hiantes,
562 1146 660 1219 sacta
688 1141 772 1243 ejus¹
792 1154 902 1219 carita
928 1147 1081 1219 funereo
1107 1146 1173 1221 teli
1199 1148 1329 1223 ordine
1354 1145 1523 1223 istuliss'e
1550 1140 1624 1222 ai't:

539 1272 762 1371 Praecipuus
788 1271 1009 1346 Hunnorum
1034 1280 1102 1347 'rex
1126 1272 1259 1367 Attila,
1292 1281 1396 1374 patre
1423 1276 1567 1374 genitus
1593 1274 1876 1367 Munueu0h01,
1908 1260 2031 1349 fortis·

540 1402 713 1475 simarum
746 1403 910 1501 gentium
941 1402 1129 1494 dominns,
1169 1404 1232 1501 qui
1264 1403 1429 1477 inaudita
1454 1415 1539 1477 ante
1565 1414 1605 1477 se
1630 1390 1797 1501 potentia
1822 1404 1922 1477 solus
1949 1415 2032 1502 s'cy·

492 1579 500 1598 .
539 1530 637 1603 tbica
669 1540 706 1603 et
737 1530 947 1629 germanica
979 1550 1095 1629 regna
1125 1530 1308 1631 possedit,
1353 1558 1422 1609 nec
1458 1559 1535 1607 non
1565 1540 1719 1630 unaque
1751 1533 1896 1605 romani
1929 1532 2030 1606 orbis

434 1643 439 1651 ’
537 1658 692 1756 imperia
718 1659 832 1755 captis
858 1658 1065 1733 civitatibus
1091 1660 1233 1752 terruit,
1261 1671 1298 1734 ct
1316 1686 1364 1735 ne
1389 1661 1548 1757 praedae
1569 1660 1710 1757 reliqua
1738 1660 1983 1734 subderentur
1998 1661 2032 1753 ²,

538 1787 703 1883 placatus
728 1786 899 1883 precibus
926 1812 1089 1862 annuum
1113 1786 1273 1886 vectigal
1298 1789 1449 1887 accepit
1474 1812 1658 1885 quumque
1684 1788 1776 1861 baec
1802 1788 1926 1861 omnia
1949 1808 2032 1885 pro-

540 1900 656 1987 ventu
688 1914 872 1989 felicitatis
905 1916 1030 2013 egerit,
1062 1940 1139 1989 non
1170 1916 1324 1991 vulnere
1357 1916 1536 2008 hostium,
1575 1922 1652 1989 no‘n
1676 1914 1806 1989 fraude
1831 1921 1983 1989 suornm
1998 1919 2031 2007 ³,

542 2041 609 2115 sed
633 2053 742 2139 gente
769 2043 955 2133 incolumi,
980 2045 1076 2117 inter
1101 2044 1237 2143 gandia
1260 2046 1396 2134 laetus,
1430 2045 1509 2119 sine
1536 2057 1647 2120 sensu
1672 2042 1811 2117 doloris
1837 2042 2031 2117 occubuit}

541 2170 621 2266 quie
649 2195 736 2268 ergo
764 2170 861 2243 hunc
886 2184 991 2268 putet
1017 2172 1166 2264 exitum,
1193 2198 1303 2270 quem
1328 2173 1451 2247 'nullus
1477 2172 1646 2245 aestimet
1670 2170 1961 2245 vindicandum?

386 2284 488 2386 Quae
521 2297 638 2371 verba
670 2297 866 2378 duodecim
897 2300 974 2373 fere
1005 2299 1173 2375 versibus
1204 2302 1363 2400 gothicis
1396 2302 1475 2376 sire
1506 2311 1663 2398 quatuor
1692 2310 1730 2373 et
1755 2299 1895 2397 vigenti
1920 2298 2032 2371 hemi-

384 2426 524 2501 stichiis
549 2424 656 2499 reddi
681 2450 791 2525 posse
826 2427 992 2501 arbitror.
1044 2426 1275 2525 „Postquain
1306 2453 1397 2502 vcro
1429 2454 1498 2502 rex
1526 2428 1663 2503 talibus
1693 2427 1863 2499 lamentis
1890 2437 1947 2499 est
1971 2424 2032 2497 de·-
2067 2483 2073 2499 .

382 2552 509 2647 fletus,
547 2554 667 2653 pergit
691 2553 892 2649 «iordanes,
932 2565 1127 2629 stravam
1141 2558 1187 2648 4,
1225 2572 1336 2653 quam
1369 2557 1555 2655 appellant
1584 2556 1670 2655 ipsi,
1709 2579 1819 2652 super
1849 2553 2033 2627 tmuium

386 2682 464 2781 ejus
498 2666 643 2781 (locum
670 2682 745 2756 soil.
771 2684 890 2775 illurn,
933 2705 1005 2779 quo
1039 2702 1126 2757 eran
1147 2682 1307 2781 positus,
1347 2682 1558 2781 elatiorem)
1591 2684 1732 2782 ingenti
1763 2682 2032 2756 comessatione

384 2810 645 2886 concelebrant
686 2823 723 2922 et
760 2812 944 2886 nonnanis
980 2812 1140 2886 invicem
1172 2810 1244 2886 sibi
1277 2812 1492 2910 copulantes
1522 2811 1663 2886 luctum
1695 2812 1888 2884 funereum
1904 2809 2031 2884 'mixto

384 2939 518 3038 gaudio
552 2941 808 3038 explicabant3
844 2951 1028 3037 noctuque
1055 2951 1197 3014 secreto
1224 2939 1384 3014 cadaver
1410 2951 1467 3015 est
1489 2953 1590 3014 terra
1614 2939 1861 3030 reconditum,
1891 2937 2035 3044 ferculo

383 3091 473 3140 auro
501 3079 655 3165 argento
682 3069 854 3172 ferroque
880 3069 1129 3160 communito;
1169 3068 1382 3166 adduntque
1408 3080 1445 3142 et
1470 3069 1748 3143 armahostium
1774 3066 1949 3139 caedibus
1975 3090 2033 3138 ac-

383 3195 532 3292 quisita,
564 3197 735 3294 phaleras
767 3197 871 3270 vario
905 3221 1134 3295 gemmarum
1164 3199 1310 3294 fulgore
1340 3197 1546 3294 praetiosae
1578 3207 1616 3269 et
1648 3196 1785 3270 diversi
1809 3194 1954 3293 generis
1979 3194 2033 3265 in-·
2084 3215 2088 3222 ’

382 3324 515 3422 signia,
556 3324 687 3420 quibus
719 3325 851 3399 colitur
882 3324 1040 3406 aulicum
1079 3324 1214 3414 decus;
1254 3336 1292 3397 et
1323 3336 1365 3398 ut
1395 3334 1453 3398 tot
1487 3336 1524 3409 et
1554 3325 1667 3397 tantis
1702 3322 1837 3396 divitiis
1856 3322 2034 3396 'hnmana

381 3453 573 3526 curiositas
599 3464 797 3544 arceretur,
830 3477 958 3526 servos
985 3478 1027 3526 ac
1053 3454 1241 3526 ministros
1269 3452 1371 3552 operi
1397 3451 1593 3550 deputatos
1620 3450 1832 3525 detestabili·
1859 3446 2030 3521 mercede

493 3695 501 3726 ¹
527 3693 606 3745 Codri.
626 3708 726 3761 omnes,
747 3696 814 3758 qnod
834 3697 887 3745 scio
906 3695 1125 3759 Mundzncoo,
1146 3696 1225 3758 piria
1244 3694 1462 3772 Manzncbia
1490 3659 1541 3745 Sed
1558 3695 1662 3746 Priscus
1678 3709 1703 3757 p.
1722 3689 1932 3755 libeabonn„
1952 3702 2030 3752 quum

382 3783 457 3845 nenio
477 3789 536 3834 ento
556 3783 681 3836 Iordanes
700 3783 830 3848 seqnitur,
861 3785 971 3834 formam
989 3797 1076 3842 reram
1100 3789 1126 3834 et
1149 3784 1321 3846 germanicum
1341 3785 1459 3835 exhibet:
1488 3784 1728 3849 nundinatus,
1756 3794 1864 3848 quocum
1884 3782 1915 3831 ci.
1936 3779 2030 3831 Gun-

355 3861 542 3942 'deuchns,
566 3877 610 3937 qui
629 3881 655 3926 et
674 3874 934 3942 Gindarecbus,
954 3877 1028 3938 qnasi
1046 3877 1116 3928 dions
1135 3866 1374 3933 dhiodencbus
1402 3890 1466 3938 pro:
1497 3875 1759 3927 chlodovechus.

491 4004 505 4035 ¹
526 4001 625 4065 Sequor
643 4005 820 4054 auctoritatem
839 4005 934 4054 codicis
953 3998 1072 4071 patitui,
1098 4015 1164 4065 quae
1182 4000 1278 4066 ubique
1302 3995 1357 4054 iere
1379 4004 1528 4070 probantu
1558 4001 1598 4072 iiie
1624 3999 1696 4055 locris'
1721 3997 1830 4065 aliiiinri,
1860 3996 2029 4062 qiiemudmo-

382 4091 488 4143 (lumin
508 4093 565 4144 edd.
585 4094 714 4159 leguntur,
733 4094 840 4157 intelllgi
859 4107 909 4144 non
929 4099 1047 4157 possuntt.

493 4222 504 4252 ¹
525 4193 573 4274 liis
591 4223 676 4276 verbis
695 4224 817 4286 probetur
836 4236 874 4289 er,
894 4235 962 4286 qnae
980 4223 1027 4273 hor
1048 4223 1102 4274 ioco
1122 4229 1266 4287 narrentur,
1285 4231 1337 4272 non
1356 4228 1384 4272 ut
1403 4221 1480 4284 nenio
1497 4222 1683 4286 muretensis,
1704 4221 1821 4271 arnseo
1836 4186 1926 4282 gresso
1943 4219 2029 4281 senn-

383 4315 439 4362 tsre
456 4312 608 4376 depromptu
625 4326 703 4378 esee,
732 4315 779 4376 qui
794 4313 902 4365 Attilam
922 4315 1044 4365 iidieonie
1061 4316 1077 4364 i.
1098 4325 1121 4363 e.
1141 4313 1284 4366 liiidieouis
1308 4313 1383 4375 (ride
1404 4311 1566 4374 amount)
1593 4313 1708 4362 finieris
1727 4305 1967 4374 ammonitrum
1983 4310 2029 4358 iu*-
2120 4322 2124 4330 ·

382 4401 485 4452 teriisse
505 4401 626 4466 tradidit3
656 4403 689 4454 oi.
710 4403 785 4465 Sibai
803 4405 835 4454 de
855 4405 917 4454 iont
937 4403 1057 4454 Jordunis
1076 4417 1101 4465 p.
1123 4397 1167 4452 ab.
1659 4420 1664 4430 ·

492 4525 504 4560 ⁴
525 4527 580 4579 vor
599 4535 638 4580 est
653 4530 755 4594 gothica
774 4543 857 4594 neque
875 4531 994 4596 hunnici,
1005 4531 1083 4594 ouem
1103 4529 1180 4580 iatine
1200 4531 1384 4581 incurrentium
1404 4535 1448 4581 eut
1461 4516 1559 4581 struem
1570 4513 1899 4593 occumberedmaegotb.
1912 4521 2027 4578 stirii-

378 4618 435 4678 μὴ
459 4614 633 4684 noemma
659 4621 789 4686 deriveta3
815 4613 846 4671 ci.
867 4617 967 4672 (irimm
985 4613 1085 4684 regnu
1105 4611 1150 4671 dei
1168 4621 1273 4671 conson'.
1294 4613 1373 4683 1³:30.
1393 4614 1527 4671 scholium.
1547 4621 1578 4669 ui
1598 4599 1662 4669 dtur.
1682 4612 1762 4669 ΠΜ).
1784 4597 1826 4682 ll,
1843 4586 1881 4667 dd
1889 4633 1896 4668 :
1923 4607 2027 4668 exuviis·
2077 4594 2087 4619 ⁹

381 4709 495 4758 hostium
522 4695 763 4761 adstruebatur
790 4711 893 4774 regibus
916 4705 1024 4763 mortuis
1051 4721 1143 4777 pyru,
1173 4712 1250 4772 quern
1274 4711 1351 4760 ritum
1377 4711 1524 4772 sepulturae
1542 4703 1619 4759 aaut
1636 4710 1737 4771 quo'qne
1764 4695 1897 4758 barbiii
1924 4709 2027 4758 serrare

383 4793 509 4867 deantur,
530 4811 607 4862 quem
631 4799 766 4853 strabus
791 4797 878 4853 dicant
897 4805 1056 4867 linguarum
1093 4793 1179 4853 utun
1202 4803 1271 4865 apuu
1288 4798 1427 4852 Iordanem
1453 4797 1506 4850 totu
1525 4801 1599 4863 actio,
1619 4796 1703 4860 nenne
1721 4785 1777 4848 snio
1795 4787 1879 4849 strn'es
1898 4792 1936 4849 rei
1955 4788 2025 4864 sirii,

383 4899 413 4939 eo
432 4891 534 4942 nomine
553 4891 705 4954 appelletur.

1570 4990 1617 5048 ⁴*
