4784 5675
1006 520 1033 528 -.
1120 377 1273 484 '13‘

342 666 553 739 supremam
578 642 699 741 legem
727 643 852 740 ignavi
878 642 1072 735 violarent,
1100 644 1161 738 qui
1176 642 1299 746 igitur
1325 642 1369 716 iis
1390 640 1606 715 immolandi
1630 655 1745 716 erant
1785 641 1865 715 Tali
1879 655 2003 716 autem

340 746 521 869 religione
547 770 685 863 fiebat,
720 783 762 844 ut
787 768 882 861 dies,
917 796 990 867 quo
1022 770 1265 869 pugnandum
1297 782 1393 864 erat,
1427 782 1465 843 et
1496 772 1749 844 sanctissimus
1782 784 1822 847 et
1850 782 2003 869 exopta·

340 899 506 973 tissimus
532 910 631 972 esset
657 899 703 971 ab
737 900 910 995 omnique
940 901 1079 997 populo
1113 899 1390 996 quodammodo
1425 899 1680 973 celebrandus.
1732 897 1859 973 Patrio
1891 900 2002 997 igitur

341 1052 447 1101 more
483 1040 651 1125 comptus
684 1040 721 1101 et
755 1039 906 1101 omatus
941 1028 1111 1125 quisque,
1150 1028 1215 1101 ubi
1240 1028 1340 1100 bella
1364 1028 1570 1120 instabant,
1610 1028 1659 1101 ad
1684 1030 1890 1104 exercitum
1916 1054 2001 1102 eon·

342 1158 444 1230 venit
476 1155 617 1255 (Germ.
645 1184 674 1229 e.
703 1160 735 1230 6.
763 1160 820 1229 31.
849 1159 906 1229 38.
934 1160 992 1233 43.
1020 1159 1078 1229 45.
1106 1182 1190 1233 ann.
1217 1154 1262 1247 Π,
1292 1159 1348 1228 14.
1400 1155 1522 1229 Arum.
1542 1153 1654 1229 Marc.
1667 1153 1768 1248 XVI,
1797 1160 1854 1248 li,
1882 1160 1914 1230 6.
1942 1159 2001 1231 24.

344 1286 432 1383 cet.)
483 1284 578 1357 Tum
612 1286 725 1359 sacris
757 1285 794 1357 in
829 1284 982 1359 deorum
1014 1285 1106 1359 lucis
1132 1285 1203 1359 rite
1227 1284 1388 1382 peractis
1414 1296 1452 1357 et
1477 1284 1739 1359 comissatione
1764 1309 1831 1381 per
1856 1296 2005 1358 noctem

235 1446 246 1473 ο
345 1438 429 1486 eum
456 1412 593 1510 gaudio
619 1412 747 1487 habita
772 1416 873 1512 (ann.
887 1413 915 1506 Ι,
943 1416 1000 1487 65.
1028 1412 1073 1507 ll,
1103 1417 1159 1487 12.
1187 1412 1394 1507 histor.IV,
1424 1417 1479 1486 14.
1494 1411 1541 1505 V,
1571 1412 1656 1511 15),
1683 1413 1844 1485 sortibus
1870 1411 2005 1487 deinde
2034 1436 2038 1443 ’

346 1552 410 1614 aut
444 1540 541 1639 sagis
567 1566 643 1613 non
668 1541 954 1639 prohibentibus
981 1540 1139 1640 (Caesar
1166 1542 1212 1615 de
1237 1543 1273 1615 b.
1300 1569 1334 1641 g.
1360 1540 1389 1634 Ι,
1417 1541 1488 1640 50)
1522 1552 1586 1615 aut
1611 1540 1770 1638 deniqne
1797 1566 1902 1613 sacro
1929 1567 2006 1614 cer·

344 1669 482 1741 tamine
514 1670 691 1767 singulari
723 1660 879 1743 feliciter
905 1671 1103 1745 commisso
1138 1668 1283 1771 (Germ.
1311 1696 1340 1743 c.
1359 1670 1447 1768 10),
1481 1670 1646 1768 singulae
1672 1670 1833 1743 familiae
1860 1682 1898 1743 et
1922 1696 2007 1767 pro·

344 1797 587 1894 pinquitates,
622 1798 768 1871 feminis
796 1824 837 1871 ae
868 1799 1072 1873 infantibus
1103 1810 1190 1897 post
1214 1810 1360 1897 tergum
1394 1800 1434 1872 in
1454 1800 1644 1896 carragine
1676 1799 1832 1890 relictis,
1867 1824 2006 1872 cuneos

344 1925 527 2015 fecerunt,
568 1938 605 1999 et
639 1927 669 2000 si
699 1928 842 2024 plures,
882 1927 983 2025 quod
1015 1929 1231 2025 plerumnque
1266 1926 1416 2020 accidit,
1463 1926 1619 1999 aderant
1649 1927 1822 2001 nationes
1854 1927 2005 2001 foedere

340 2052 508 2149 junctae,
543 2052 669 2151 (Caes,
698 2055 731 2127 d.
758 2056 854 2155 b.-g.
881 2055 908 2149 I,
937 2059 993 2129 51.
1022 2056 1106 2130 Tac.
1134 2057 1262 2129 histor.
1288 2054 1353 2146 IV,
1383 2058 1439 2128 16.
1467 2055 1550 2153 17.)
1585 2056 1656 2128 hae
1682 2056 1886 2155 generatim
1912 2056 2005 2153 pari-

343 2180 487 2277 busque
514 2182 717 2257 intervallis
744 2186 1012 2271 constiterunt3
1053 2184 1265 2259 sacerdotes
1293 2196 1428 2275 autern,
1455 2184 1588 2280 quibus
1615 2184 1704 2257 solis
1723 2197 1901 2282 tanquam
1919 2182 2005 2257 deo·

345 2334 427 2381 rum
460 2312 636 2384 ministris
676 2324 712 2385 et
739 2313 841 2387 velut
867 2312 937 2386 deo
964 2314 1187 2412 imperante,
1219 2338 1330 2409 quem
1362 2312 1493 2387 adesse
1526 2311 1747 2402 credebant,
1785 2313 1890 2385 utin
1918 2336 2002 2385 con·

347 2438 438 2513 ciliis
465 2439 622 2537 publicis
656 2453 735 2514 erat
761 2454 798 2515 et
824 2441 1020 2515 coercendi
1041 2442 1114 2539 jus,
1149 2440 1291 2539 effigies
1318 2453 1356 2514 et
1381 2441 1488 2539 signa
1514 2439 1696 2537 quaedam
1723 2439 1889 2513 detracta
1911 2440 2004 2513 lucis
2030 2521 2036 2531 ¹

344 2592 471 2641 secum
497 2568 536 2642 in
562 2568 745 2665 proelium
770 2568 899 2643 tulisse
931 2567 1088 2646 traditur
1121 2566 1269 2667 (Germ.
1297 2595 1326 2641 c.
1355 2573 1375 2643 t
1385 2569 1410 2666 ).
1463 2567 1558 2642 Sunt
1582 2595 1673 2643 vero
1701 2570 1806 2667 signa
1830 2569 1894 2642 illa
1920 2569 2007 2642 deo-

343 2721 427 2769 rum
454 2722 556 2769 arma
584 2708 620 2770 et
645 2698 901 2788 imtrumenta,
928 2720 1022 2793 quae
1049 2722 1071 2769 a
1096 2697 1324 2796 mythologie
1349 2698 1488 2771 nostris
1514 2699 1691 2771 attributa
1716 2698 1899 2790 dicuntur,
1925 2723 1956 2771 e.
1970 2724 2006 2797 g.

342 2824 473 2898 lancea
502 2822 676 2899 Mercurii
703 2822 928 2927 (deani),
953 2826 1109 2900 malleus
1142 2824 1314 2900 Herculis
1348 2825 1568 2926 (Tonantis,
1595 2825 1818 2924 Thunaris),
1861 2818 2006 2925 gladius

229 2937 238 2948 ⁸
342 2953 470 3029 Martis
497 2952 624 3051 (Tivi),
649 2953 796 3051 phallus
821 2953 945 3027 Liberi
960 2953 1160 3052 (Frohenis
1182 2957 1297 3053 patris
1310 2955 1577 3054 Ingaevonum‚
1599 2957 1714 3057 myth.
1732 2955 1869 3052 1209);
1896 2979 2005 3030 arcus

346 3095 382 3156 et
408 3084 541 3181 sagitta
567 3081 614 3154 ad
640 3081 840 3156 Balderum
865 3082 1089 3178 fratremque
1116 3083 1275 3167 fortasse
1300 3084 1497 3179 referenda
1523 3096 1610 3158 sunt
1634 3080 1782 3179 (Snorr.
1811 3083 1899 3179 31);
1938 3081 2005 3157 sed

345 3211 486 3311 effigies
522 3210 726 3286 secundum
751 3213 873 3310 ipsum
906 3209 1073 3287 Tacitum
1108 3211 1257 3308 (histor.
1283 3212 1348 3303 IV,
1376 3215 1445 3309 ii)
1477 3214 1658 3311 imagines
1693 3222 1799 3285 erant
1831 3211 2005 3302 ferarum,

337 3365 437 3436 quae
465 3339 669 3439 symbolice
701 3337 793 3413 deos
819 3339 920 3437 ipsos
945 3338 1177 3432 indicabant,
1211 3353 1253 3414 ut
1278 3342 1408 3438 anguis
1435 3341 1572 3440 (myth.
1601 3343 1684 3412 649.
1710 3339 1881 3413 nordalb.
1908 3337 2005 3412 stud

342 3465 407 3560 IV,
435 3467 492 3540 hft
507 3468 544 3566 2)
573 3477 610 3540 et
634 3465 992 3564 lupusMercurium,
1019 3493 1126 3542 ursus
1154 3470 1285 3568 (myth.
1310 3472 1398 3566 633)
1426 3483 1465 3543 et
1489 3494 1600 3567 caper
1622 3468 1842 3559 Tonantem,
1869 3469 1999 3540 aries1

341 3599 500 3670 sortasse
526 3593 694 3688 Martem,
720 3598 884 3670 taurus²
913 3606 951 3670 et
977 3621 1065 3692 aper
1092 3593 1232 3694 (Germ.
1260 3623 1290 3670 c.
1318 3603 1375 3671 45.
1403 3598 1518 3697 myth.
1535 3597 1622 3696 194)
1648 3597 1824 3670 Liberum
1851 3595 2002 3693 ejusque

344 3751 520 3801 sororem.
561 3723 654 3798 Hoc
685 3723 818 3816 modo,
852 3735 947 3798 teste
974 3722 1102 3797 Tacito
1144 3725 1190 3822 (l.
1204 3726 1268 3825 1.),
1307 3728 1439 3825 cuique
1465 3727 1567 3824 genti
1592 3726 1686 3798 inire
1712 3723 1895 3821 proelium
1920 3749 2004 3797 mos

336 3867 423 3926 ¹erat
435 3883 444 3944 3
484 3866 677 3953 praeterea
702 3851 856 3942 Tacitus,
882 3878 959 3925 non
991 3853 1063 3925 nisi
1090 3854 1248 3927 civitatis
1275 3880 1394 3953 neque
1422 3855 1649 3954 singularum
1677 3863 1916 3925 centenorum
1940 3877 2003 3950 pa·

344 4007 546 4081 gorumque
581 3981 793 4057 sacerdotes
826 3982 954 4070 novit;
995 3995 1101 4053 erant
1132 3981 1245 4080 igitur
1280 3985 1358 4080 ejus
1392 3995 1512 4057 aetate
1537 4008 1614 4056 non
1640 3981 1711 4054 nisi
1738 3980 1921 4054 antistites
1947 4005 2002 4052 sa·

342 4136 491 4184 crorum
524 4113 639 4186 totius
666 4111 820 4208 alicujus
846 4109 1007 4183 nationis
1035 4111 1286 4185 communium
1302 4117 1334 4203 ³,
1367 4113 1428 4208 qui
1444 4093 1492 4185 'et
1519 4113 1625 4210 signa
1651 4109 1876 4208 effigiesque,
1911 4133 2005 4205 quas

344 4240 383 4313 in
415 4239 595 4338 proelium
622 4251 831 4338 portarent,
866 4264 913 4312 ex
938 4239 984 4311 iis
1009 4249 1154 4311 tantum
1180 4240 1272 4313 lucis
1306 4239 1524 4337 depromere
1551 4251 1741 4338 poterant,
1773 4238 1837 4311 ubi
1863 4263 2002 4311 numen

345 4366 493 4465 aliquod
520 4367 565 4440 ab
592 4369 767 4442 universo
788 4366 980 4471 populoin
1004 4392 1199 4441 commune
1215 4367 1414 4441 colebatur.
1454 4366 1562 4442 Unde
1577 4369 1715 4440 factum
1730 4376 1796 4459 est,
1823 4390 1936 4463 quum
1959 4393 2004 4440 ea
2032 4416 2038 4427 -

456 4602 465 4632 ¹
492 4599 504 4631 ¹
526 4599 583 4651 vid.
604 4613 669 4662 qnae
688 4565 816 4662 disputavi
835 4601 861 4649 in
881 4577 1011 4652 Schmidts
1030 4601 1171 4652 zeitschrift
1189 4602 1232 4652 iiir
1250 4601 1336 4664 gesat.
1357 4608 1419 4652 tom.
1439 4599 1510 4651 1111.

456 4718 527 4771 'De
551 4717 654 4768 notione
681 4719 791 4770 civitatis
814 4719 922 4768 teciteaa
947 4717 1065 4770 conteras
1090 4719 1194 4770 waitzii
1217 4719 1300 4772 111111
1324 4719 1576 4781 venamnagsssesri.
1601 4719 1624 4782 i,
1650 4714 1695 4784 ti,
1720 4725 1746 4770 et
1769 4720 1801 4769 de
1824 4717 2001 4770 macedonius

313 4874 319 4882 ι
347 4809 456 4862 undem
475 4807 537 4860 ibid.
557 4821 583 4871 p.
605 4803 656 4858 iio
675 4820 732 4871 sqq.
753 4807 937 4869 disputantem.
977 4808 1027 4860 Sed
1048 4809 1163 4871 singulas
1182 4821 1300 4870 quisque
1318 4809 1434 4861 civitates
1453 4820 1590 4860 commune
1609 4809 1738 4869 quodiam
1757 4821 1860 4861 sacram
1879 4806 2003 4856 tabuisse

348 4902 374 4946 et
391 4911 468 4961 supra
487 4904 513 4949 et
530 4897 746 4955 commentatione
766 4897 834 4958 apud
853 4897 1022 4950 Schmidtinru
1039 4900 1059 4949 1.
1080 4901 1096 4948 Ι.
1118 4900 1181 4960 saus
1199 4899 1393 4950 demonstrasse
1412 4900 1487 4948 uotis
1505 4899 1630 4975 ridemur.
