4784 5675
1191 403 1359 512 aa·

392 658 475 705 cum
500 632 634 705 timore
661 643 698 704 et
722 643 882 704 tremore
910 642 946 703 et
977 632 1186 705 reverentia
1211 632 1283 704 hoc
1308 630 1453 703 faciant.
1494 626 1625 703 Nullus
1650 626 1703 701 ibi
1726 639 1939 727 praesumat
1963 626 2038 699 dia·

278 824 281 829 .
391 759 515 833 bolica
540 761 704 832 carmina
729 770 896 849 cantare,
928 784 1007 854 non
1029 760 1116 857 joca
1142 771 1179 832 et
1205 760 1420 833 saltationes
1446 758 1579 847 facere,
1607 780 1701 853 quae
1726 755 1861 853 pagani
1887 753 2038 827 diabolo

393 888 550 961 docente
577 887 856 960 adinvenerunt.
909 885 998 975 Quis
1033 873 1131 959 euim
1162 887 1305 960 nesciat
1330 886 1554 959 diabolicum
1581 910 1662 958 esse
1696 896 1733 956 et
1765 908 1841 956 non
1868 883 1989 957 solum
2015 907 2038 953 a

390 998 576 1114 religione
604 1015 802 1089 christiana
834 1014 1009 1105 alienum,
1048 1014 1114 1089 sed
1148 986 1257 1088 etiam
1298 1014 1481 1086 humanae
1513 1026 1668 1086 naturae
1700 1036 1781 1085 esse
1814 1011 2040 1084 contrarium

392 1143 444 1217 ibi
480 1143 637 1233 cantari,
676 1143 821 1233 laetari,
860 1141 1032 1215 inebriari
1067 1153 1103 1215 et
1133 1132 1322 1215 cachinnis
1349 1168 1415 1214 ora
1445 1141 1609 1236 dissolvi
1631 1153 1668 1213 et
1701 1141 1802 1213 omni
1826 1140 1966 1239 pietate
2000 1152 2038 1212 et

393 1270 526 1354 affectu
552 1270 712 1345 caritatis
743 1271 950 1370 postposito
985 1271 1089 1367 quasi
1115 1270 1352 1343 de'fraterna
1373 1281 1495 1342 morte
1523 1270 1719 1360 exsultare,
1758 1268 1823 1340 ubi
1846 1269 1967 1341 luctus
2001 1278 2038 1341 et

390 1400 560 1499 planctus
585 1400 769 1473 flebilibus
796 1399 950 1473 vocibus
977 1398 1156 1471 debuerat
1181 1423 1356 1471 resonare
1386 1422 1455 1495 pro
1490 1398 1688 1471 amissione
1723 1396 1825 1469 chari
1856 1397 1980 1470 fratris
1993 1396 2039 1468 ?“

391 1527 440 1601 Et
472 1526 604 1601 deinde
619 1555 640 1599 ι-
667 1523 784 1619 „Ideo
824 1527 906 1599 talis
945 1526 1070 1623 inepta
1100 1526 1242 1599 laetitia
1277 1536 1315 1599 et
1341 1526 1518 1623 pestifera
1549 1527 1693 1599 cantica
1731 1551 1778 1598 ex
1816 1525 2036 1598 auctoritate

393 1656 453 1729 dei
484 1655 630 1753 penitus
662 1652 916 1728 interdicenda
942 1666 1048 1745 sunt3
1088 1654 1117 1727 si
1146 1654 1226 1750 quis
1253 1664 1377 1725 autem
1403 1665 1551 1727 cantare
1577 1653 1780 1743 desiderat,
1812 1652 1925 1753 Kyrie
1953 1653 2038 1725 elei·

393 1808 461 1859 eon
488 1795 632 1873 cantet3
674 1784 731 1857 sin
756 1782 872 1872 aliter,
899 1782 1050 1855 omnino
1075 1792 1207 1859 taceat.
1258 1778 1298 1854 Si
1324 1793 1446 1855 autem
1471 1794 1595 1855 tacere
1620 1808 1696 1855 ιιοιι
1722 1782 1812 1873 vult,
1839 1781 1963 1853 statim
1990 1780 2037 1853 ab

393 1912 563 1991 omnibus
589 1911 786 1985 banniatur
810 1910 872 1983 vel
898 1910 1102 2007 adjuretur,
1136 1922 1178 1985 ut
1204 1935 1281 1983 non
1306 1910 1443 1983 habeat
1473 1910 1525 1983 ibi
1557 1910 1743 1983 licentiam
1769 1909 1927 2005 amplius
1953 1934 2038 1982 con·

393 2040 538 2132 sistere,
578 2039 643 2113 sed
676 2038 827 2113 recedat
858 2050 894 2111 et
926 2038 974 2111 ad
1005 2039 1194 2137 propriam
1226 2050 1286 2111 eat
1317 2038 1571 2127 mansionem
1609 2039 1648 2109 in
1681 2038 1883 2111 crastinum
1915 2048 2040 2110 autem

392 2169 515 2243 taliter
542 2179 768 2259 coerceatur,
795 2180 836 2241 ut
861 2168 973 2239 ceteri
997 2168 1184 2240 timeant“.
1405 2162 1411 2175 ’

489 2293 635 2368 Docent
668 2298 790 2369 autem
818 2296 988 2392 exempla
1014 2320 1056 2367 ac
1080 2296 1308 2387 testimonia,
1340 2321 1434 2393 quae
1459 2296 1532 2368 huc
1557 2319 1673 2392 usque
1706 2294 1817 2366 allata
1848 2304 1949 2386 sunt,
1982 2318 2037 2366 se·

317 2441 325 2456 ·
388 2424 495 2497 rioris
520 2434 665 2497 tantum
690 2423 867 2520 temporis
891 2446 1022 2513 usum3
1062 2448 1219 2519 corpora
1245 2426 1342 2497 enirn
1368 2424 1578 2514 humantur,
1604 2447 1723 2519 neque
1745 2422 1861 2495 Attila
1881 2421 2042 2517 quidem,

390 2550 557 2649 quamvis
580 2551 620 2627 in
653 2560 807 2623 strava
839 2551 1059 2642 collocatus,
1099 2565 1292 2625 crematur.
1342 2550 1487 2625 Morem
1511 2552 1622 2649 igitur
1648 2550 1892 2646 antiquiorem
1918 2550 2042 2623 simul·

391 2702 460 2775 que
495 2678 765 2778 simpliciorem,
793 2679 959 2775 quamvis
985 2680 1043 2753 bis
1070 2681 1210 2753 cantari
1242 2679 1427 2772 videatur,
1462 2675 1640 2753 exhibent
1664 2704 1796 2753 versus
1820 2679 1940 2751 ultimi
1965 2702 2042 2751 car·

389 2808 498 2882 minis
529 2807 626 2882 illius
658 2806 962 2906 praestantissimi
988 2808 1268 2907 anglosaxonici
1293 2807 1340 2882 de
1360 2806 1554 2903 Beovulfo,
1588 2785 1650 2906 qui
1675 2806 1722 2882 de
1748 2808 1827 2905 ejus
1853 2806 2043 2906 sepultura
2117 2834 2124 2846 ·

339 2924 345 2939 '
391 2949 513 3038 agrmt
565 2935 776 3012 Exstruitur
801 2961 913 3034 rogus
939 2950 1047 3035 atque
1073 2938 1303 3028 incenditur3
1338 2938 1417 3035 jam
1441 2938 1540 3035 regis
1566 2938 1720 3011 comites
1746 2938 1796 3035 (v.
1824 2939 1919 3010 6291
1946 2935 2016 3050 sq.)

1171 3067 1273 3164 hygu
1298 3053 1463 3156 uurdte,

581 3279 584 3286 Ι
634 3221 642 3242 0
701 3191 894 3266 mddceare
920 3194 1094 3268 maendon
1120 3193 1391 3291 mondryhtnes
1417 3193 1582 3283 cvealm;

702 3322 826 3421 svylce
852 3321 1081 3422 gedmorgyd
1105 3324 1159 3396 let
1173 3366 1217 3408 ,-
1237 3325 1264 3401 ¹.

389 3475 529 3551 Versus
569 3495 770 3576 sequuntur
808 3477 947 3575 aliquot
986 3479 1047 3575 qui
1085 3479 1242 3553 mutilati
1282 3493 1377 3553 sunt.
1441 3477 1643 3574 Postquam
1690 3491 1814 3552 autem
1853 3480 1954 3577 regis
1993 3480 2042 3552 ci·

391 3629 498 3678 neres
524 3587 648 3678 multis
676 3631 759 3678 eum
784 3605 966 3680 thesauris
992 3609 1135 3680 tumulo
1163 3607 1419 3699 condiderunt,
1452 3607 1548 3678 hunc
1577 3605 1771 3680 duodecim
1797 3609 1867 3679 viri
1891 3608 2038 3682 nobiles

391 3734 693 3838 circumequitant
718 3745 938 3830 cantumque
966 3734 1087 3808 denuo
1114 3736 1251 3810 tollunt
1274 3736 1467 3808 laudentes
1494 3736 1591 3833 regis
1612 3737 1786 3809 virtutem
1813 3761 1855 3808 ac
1883 3739 2038 3810 strenui·

389 3872 513 3952 tatem,
541 3875 581 3934 ut
604 3861 643 3933 id
669 3861 802 3952 decuit,
915 3895 920 3902 ·

1169 4000 1235 4066 sva
1261 3995 1315 4066 hit
1340 3994 1487 4101 gedefe
1496 3992 1598 4084 bidh,

700 4118 784 4190 thar
807 4143 907 4240 mop
922 4119 979 4192 his
1007 4121 1253 4220 ιὶιιιιάιγιιιειι
1278 4123 1438 4196 vordum
1463 4122 1589 4220 berge,

702 4242 900 4317 serhdhum
926 4248 1064 4346 freoge,
1090 4249 1232 4324 thonne
1257 4253 1308 4324 he
1332 4251 1442 4325 fordh
1470 4253 1569 4352 scyle

705 4375 747 4446 of
768 4374 963 4466 lichaman,
992 4377 1084 4450 laene
1111 4379 1351 4454 veordhan2

503 4589 623 4640 1Μιιιιιι
642 4591 742 4656 tristes,
768 4592 854 4640 auimo
878 4595 970 4642 moesti
995 4593 1173 4644 memorabant
1192 4596 1288 4646 domiui
1307 4595 1435 4658 mortem}
1464 4598 1541 4646 ettam
1568 4599 1702 4660 lugubrem
1721 4603 1824 4649 cantum
1843 4605 1888 4648 aut
1906 4583 2039 4662 planctum

393 4685 440 4730 cet.
452 4697 461 4744 3
492 4693 551 4730 uam
579 4680 646 4730 conl.
666 4682 742 4734 Beov.
762 4677 842 4747 ΜΒ,
863 4683 907 4735 ubi
930 4684 1037 4734 incenso
1062 4697 1135 4752 rogo,
1161 4698 1211 4748 quo
1235 4687 1305 4745 filius
1328 4687 1481 4752 impostos,
1505 4687 1662 4749 fllldcburga
1687 4689 1898 4755 „guntrada
1924 4690 2038 4752 getru-

393 4771 471 4820 rode
498 4769 673 4835 giddum“;
701 4777 727 4822 ct
751 4770 832 4822 Andr.
861 4769 931 4822 1548
957 4775 1149 4838 getmorgid
1175 4789 1295 4828 vrccan
1325 4777 1472 4840 planctum,
1501 4777 1601 4840 proprie
1625 4777 1759 4840 lugubrem
1783 4786 2041 4844 accumulavere.

502 4890 515 4922 ³
534 4889 660 4940 Videntur
677 4890 703 4950 ht
722 4896 774 4940 tres
793 4903 884 4942 versus
903 4893 992 4954 spurtl.
