4784 5675
1162 402 1207 477 15

1023 506 1181 515 ..n-*ffl—
1210 505 1247 511 -—
1272 505 1288 510 -

354 628 500 709 Gothos
518 630 650 729 poesin
671 582 814 726 epicam
832 639 1023 725 artemque
1043 626 1304 725 rhapsodicam
1326 634 1552 719 esseorum,
1579 624 1744 701 carmina
1754 636 1892 717 tamen,
1919 648 2015 722 quae

352 760 425 837 huc
451 758 647 837 referenda
674 758 757 849 sint,
783 768 872 831 tunc
898 780 1045 852 quoque
1072 781 1094 827 a
1118 756 1286 853 pluribus
1306 756 1416 830 simul
1429 768 1578 829 cantata
1597 777 1679 827 esse
1696 752 1855 827 fidenter
1874 752 2031 851 negem

353 886 451 964 dum.
479 886 607 985 ltaque
633 886 796 977 fabriles,
831 910 921 979 quas
950 884 1176 961 carminibus
1201 884 1284 976 illis,
1318 884 1452 979 quibus
1478 884 1516 957 in
1541 883 1724 981 proelium
1749 883 1836 977 ituri
1860 884 2014 970 uteban-

171 1000 177 1023 '
249 1094 251 1099 ,
290 1104 292 1109 ,
353 1026 424 1105 tur,
452 1026 733 1111 expresserant*
751 1037 842 1109 pure
868 1012 1052 1111 mythicas
1078 1012 1192 1087 l'uisse
1214 1012 1383 1088 arbitror.

456 1196 549 1271 Sunt
582 1198 680 1271 enim
705 1196 895 1271 Ammiani
927 1196 1058 1288 verba,
1091 1207 1133 1268 ut
1162 1196 1255 1269 mihi
1281 1196 1430 1294 quidem
1456 1194 1619 1288 videtur,
1658 1195 1782 1292 potius
1810 1220 1857 1268 cx
1882 1192 2014 1268 Tacito
2071 1166 2076 1179 .

354 1326 584 1423 explicanda,
612 1327 674 1422 qui
688 1323 894 1401 Germanos
922 1322 1048 1397 deum
1075 1322 1299 1398 Tuisconem
1323 1324 1494 1421 filiosque
1515 1324 1600 1421 ‚ejus
1625 1323 1763 1421 pariter
1789 1322 1900 1397 deos
1926 1348 2014 1422 gen·

353 1455 472 1550 tisque
506 1452 717 1526 conditores
744 1452 968 1526 carminibus
997 1452 1155 1549 antiquis
1176 1422 1391 1526 ⁸celebrasse
1416 1452 1544 1544 tradit,
1579 1446 1760 1549 ejusmodi
1788 1464 1910 1525 autem
1937 1422 2013 1525 cai·

353 1568 456 1679 mina
480 1601 595 1655 unum
622 1582 721 1679 apud
746 1582 830 1657 illos
856 1582 1057 1654 memoriae
1085 1593 1122 1654 et
1155 1581 1385 1653 annalium
1411 1606 1529 1680 genus
1556 1581 1653 1655 dicit
1703 1578 1864 1677 Majorcs
1890 1582 2013 1678 igitur,

354 1736 513 1808 quorum
546 1711 674 1783 laudes
703 1708 817 1785 Gothi
849 1711 1077 1803 cecinerunt,
1114 1711 1178 1783 vix
1210 1706 1272 1781 alii
1296 1710 1457 1800 fuenmt,
1492 1706 1603 1805 qua'm
1627 1734 1802 1806 proceres
1828 1710 1881 1781 illi
1907 1711 1950 1806 (i.
1979 1734 2009 1783 e.

353 1838 546 1938 majores),
587 1865 679 1937 quos
713 1854 755 1913 ut
780 1838 956 1916 iordanis
987 1840 1112 1913 verbis
1146 1866 1176 1913 c.
1211 1817 1343 1910 13‘.‘14
1377 1847 1475 1928 utar,
1506 1862 1584 1909 non
1610 1862 1724 1935 puros
1749 1838 1921 1911 homines
1948 1837 2015 1913 sed

354 1968 538 2041 semideos
573 1968 709 2067 (immo
738 1968 829 2043 deos
857 1968 1033 2067 superos)
1066 1954 1111 2041 id'
1132 1980 1188 2041 est
1213 1966 1359 2040 Auses
1384 1990 1580 2057 vocavere,
1607 1992 1775 2063 quorum,
1801 1978 1843 2039 ut
1867 1967 1937 2065 ipsi
1962 1966 2015 2039 fa-

352 2096 449 2169 bulis
476 2096 552 2169 suis
578 2098 758 2189 ferebant,
785 2099 926 2197 primus
953 2098 1022 2171 fuit
1048 2094 1162 2171 Gaut
1187 2096 1209 2167 i.
1237 2121 1267 2168 e.
1289 2077 1437 2167 Wbdan
1465 2094 1595 2193 (myth.
1612 2094 1735 2192 1207).
1786 2092 1896 2167 Hunc
1921 2120 2012 2168 vero
2117 2080 2129 2094 ³

353 2223 584 2297 conditorem
623 2227 744 2323 gentis
770 2236 814 2299 'et
855 2252 1039 2299 summum
1080 2224 1246 2298 omnium
1285 2222 1394 2296 simul
1434 2222 1546 2295 deum
1587 2223 1656 2295 sub
1693 2224 1844 2296 nomine
1880 2222 2012 2297 Martis

355 2342 453 2451 apud
481 2352 639 2455 eundem
663 2337 871 2427 dordonam
898 2381 927 2427 c.
956 2356 977 2426 5
1003 2355 1119 2426 latere
1148 2353 1324 2450 suspicor.
1375 2348 1432 2423 Eo
1460 2352 1558 2423 enirn
1582 2362 1678 2424 teste
1692 2347 1831 2442 „Gothi
1854 2350 2013 2425 Martem

355 2478 465 2551 deum
503 2476 592 2553 belli
630 2471 770 2555 dudum
809 2480 908 2579 apud
947 2508 1012 2555 eos
1042 2482 1156 2555 fuisse
1196 2492 1406 2554 exortum
1446 2478 1636 2571 dicebant,
1677 2503 1833 2575 eumque
1867 2504 2014 2576 semper

354 2608 557 2704 asperrima
587 2610 825 2707 placaverant
858 2612 1001 2685 cultura
1014 2637 1023 2701 ;
1062 2636 1150 2682 nam
1180 2611 1352 2683 victimae
1385 2609 1463 2705 ejus
1495 2618 1635 2680 mortes
1667 2608 1770 2679 firere
1808 2619 2012 2705 captorum,

269 2773 275 2788 ·
355 2736 551 2833 opinantes
576 2738 760 2811 bellorum
786 2740 994 2837 praesulem
1021 2740 1141 2837 aptius
1171 2738 1325 2811 humani
1351 2737 1540 2836 sanguinis
1568 2735 1747 2808 effusione
1773 2735 2011 2833 placandum:

353 2865 438 2937 huic
470 2866 630 2963 praedae
663 2865 866 2966 primordia
888 2867 1147 2960 “vovebantur,
1186 2867 1274 2942 huic
1305 2867 1445 2941 truncis
1487 2864 1807 2962 suspendebantur
1845 2864 2013 2957 exuviae,

355 3005 504 3090 eratque
538 2995 609 3068 illis
644 2975 834 3093 religionis
865 3009 1013 3094 praeter
1044 3007 1187 3070 ceteros
1226 2996 1434 3068 insinuatus
1474 2994 1645 3085 affectus),
1685 3018 1796 3089 quum
1831 2985 2016 3091 parenti

352 3118 503 3195 devotio
543 3123 704 3218 numinis
742 3125 930 3198 videretur
968 3124 1166 3222 impendi.“
1219 3122 1341 3212 Quum
1372 3121 1611 3219 Procopiusl
1649 3121 1779 3194 eadem
1813 3119 1860 3194 de
1891 3119 2010 3194 Marte

351 3247 582 3324 Thulitarum
615 3253 637 3324 i.
665 3278 695 3325 e.
723 3251 1056 3328 Scandinaviorum
1089 3278 1233 3326 summo
1267 3250 1338 3324 deo
1370 3263 1512 3341 narret,
1554 3251 1652 3321 hunc
1685 3273 1831 3345 quoque
1865 3249 2010 3347 potissi·
2043 3230 2047 3239 Ι

350 3400 452 3451 mum
482 3405 550 3477 pro
579 3377 702 3454 Odino
738 3381 960 3456 sumendum
992 3407 1072 3458 esse
1106 3405 1240 3454 censeo
1274 3380 1342 3479 (cf.
1368 3378 1484 3478 myth.
1514 3380 1595 3450 179.
1625 3377 1727 3475 122).
1786 3372 1859 3465 Qui
1884 3389 2008 3449 autem

350 3507 442 3582 deus
472 3535 550 3582 non
583 3509 703 3584 solum
728 3511 916 3584 bellorum
940 3509 1111 3583 dominus
1138 3509 1387 3605 victoriaeque
1413 3508 1537 3599 dator,
1578 3504 1801 3596 sedetiam,
1841 3517 1881 3577 ut
1906 3501 2008 3578 Saxo

352 3632 621 3710 Grammaticus
648 3637 715 3730 ait,
756 3650 885 3713 auctor
912 3641 1004 3712 aciei
1030 3639 1277 3712 corniculatae
1306 3649 1343 3710 et
1369 3635 1564 3710 ordinandi
1599 3635 1755 3732 agminis
1788 3633 2002 3729 disciplinae
2068 3651 2075 3660 '

351 3763 542 3861 omnisque
578 3764 736 3862 danique
767 3769 923 3842 bellicae
958 3769 1045 3841 artis
1079 3793 1121 3840 ac
1149 3767 1324 3841 scientiae
1348 3765 1506 3839 traditor
1532 3763 1575 3862 (i.
1604 3788 1634 3835 e.
1656 3761 1857 3860 magister)
1884 3786 1927 3834 ac
1951 3786 2007 3834 re·

348 3904 478 3988 pertor·
508 3905 545 3966 et
576 3895 688 3969 enimi
720 3895 843 3970 bellici
883 3907 1029 3970 creator
1066 3895 1353 3991 moderatorque
1395 3891 1687 3990 sapientissimus
1720 3914 1801 3962 esse
1832 3889 2006 3962 credeba-

347 4030 423 4114 tur,
462 4023 629 4120 profecto
663 4022 761 4096 hunc
797 4024 1007 4122 similesque
1035 4025 1113 4121 ejus
1139 4024 1236 4097 filios
1261 4036 1436 4120 tanquam
1462 4022 1623 4118 majores
1650 4044 1737 4092 suos
1763 4015 1878 4092 Gothi
1902 4043 2008 4116 proe-

346 4147 438 4258 lium
465 4149 597 4224 adituri
625 4153 785 4225 carmine
812 4151 963 4225 laudare
989 4163 1172 4252 poterant.

362 4371 364 4376 .
447 4305 646 4385 Herculem
679 4335 787 4400 vero,
820 4333 929 4406 quem
960 4319 1055 4382 teste
1082 4307 1211 4381 Tacito
1239 4304 1414 4380 Germani
1447 4305 1484 4378 in
1509 4329 1673 4403 pugnam
1699 4305 1786 4377 ituri
1810 4304 2006 4398 canebant,

347 4434 445 4546 apud
478 4434 628 4510 cosdem
663 4449 699 4510 et
732 4435 842 4540 deum
877 4435 989 4510 fuisse
1019 4447 1055 4509 et
1082 4435 1230 4534 quidem
1257 4458 1440 4507 summum
1465 4444 1552 4532 post
1575 4432 1800 4506 Mercurium
1825 4430 1924 4505 idem
1951 4419 2007 4506 est

347 4573 486 4640 auctor.
537 4560 631 4636 Nam
662 4563 863 4658 Hercules,
902 4565 947 4640 de
982 4591 1054 4662 quo
1094 4565 1213 4663 capite
1253 4587 1354 4636 nouo
1395 4561 1441 4635 de
1474 4559 1681 4636 Germania
1710 4561 1797 4634 libri
1832 4562 2025 4658 loquitu„

458 4795 466 4825 ¹
489 4793 528 4844 lic
547 4796 572 4844 1).
594 4795 662 4856 goth.
682 4795 722 4861 11,
750 4791 782 4845 15
809 4797 865 4843 τῶν
885 4795 915 4847 dl
935 4797 1046 4864 ἱερείων
1065 4799 1146 4862 σφίσι
1166 4788 1195 4845 ri
1216 4790 1366 4845 κάλλιστον
1385 4787 1537 4861 ἅνθρωπός
1555 4789 1641 4858 ἐστιν,
1662 4790 1746 4860 ὅνπερ
1766 4789 1801 4843 ἄν
1821 4787 2005 4860 δοριάλω-

348 4899 405 4934 τον
425 4881 753 4955 ποιήσαιντοιπροῐτον.
783 4889 879 4935 τοῦτον
899 4881 954 4962 ycip
974 4891 1012 4955 τῷ
1030 4885 1109 4952 'Apu
1130 4880 1265 4950 θύουσιν,
1290 4881 1352 4936 ἐπεὶ
1371 4877 1440 4934 θεὸν
1460 4877 1544 4934 cirria
1562 4883 1708 4952 νομίζουσι
1724 4885 1900 4951 patrima
1918 4876 2002 4929 sluaa,
2034 4959 2042 4972 ἱ
