4784 5675
1221 444 1242 515 i

1124 552 1345 559 ----...-...

494 674 632 751 narra
651 673 802 748 Tacitus
825 673 984 747 colmsse
1007 670 1218 748 Germanos
1239 672 1396 747 deorum
1415 672 1579 744 manime
1604 668 1840 764 Mercu-inm,
1866 669 2069 745 Herculem

399 816 438 881 et
462 804 623 879 Martem
648 804 724 901 (ε
748 798 979 892 Wbdanum,
1006 800 1224 875 Thunarem.
1238 804 1277 893 ¹,
1309 800 1461 898 Tiuum)
1488 801 1668 899 aliosque,
1692 812 1735 875 ut
1759 826 1808 873 ex
1834 801 1916 899 ejus
1941 800 2072 876 verbis
2118 796 2121 807 ⁴

395 932 522 1033 colligi
558 933 663 1024 licet,
701 938 897 1028 praeterea
935 930 1028 1004 deos
1065 928 1229 1028 deasque
1260 930 1438 1027 plurimas
1476 928 1634 1002 divers'n
1667 928 1884 1003 nominibus
1917 928 2071 1003 divom

270 1124 272 1129 ,
397 1061 597 1159 religione,
636 1058 769 1157 quibus
802 1058 913 1132 certis
946 1058 1078 1133 diebus
1117 1060 1228 1132 certis
1260 1080 1408 1155 qnoque
1439 1058 1572 1131 hostiis
1604 1056 1763 1134 litabant
1787 1056 1886 1130 intra
1910 1082 2070 1131 nemora

395 1189 562 1287 ipsorum
589 1188 744 1261 deorum
770 1186 985 1261 nominibus
1012 1186 1165 1261 sacrata.
1206 1186 1293 1259 dam
1321 1207 1369 1259 ex
1387 1186 1504 1283 ipsius
1521 1184 1745 1259 narrationis
1767 1197 1948 1260 contextu
1965 1184 2068 1260 buno

395 1340 522 1389 rerum
547 1314 716 1389 ordinem
742 1314 855 1388 fuisse
878 1336 1068 1389 sumamus
1088 1327 1191 1413 puto,
1224 1326 1267 1388 nt
1286 1315 1403 1389 sacris
1422 1314 1575 1388 demum
1592 1314 1663 1389 rite
1681 1314 1841 1413 peractis
1868 1314 1933 1389 vel
1956 1315 1997 1386 in
2022 1338 2069 1388 ea

394 1443 620 1543 peragend0,
644 1444 674 1516 si
694 1443 841 1541 publice
864 1456 927 1516 aut
947 1444 1122 1541 privatim
1137 1443 1425 1517 consultandum
1447 1454 1538 1535 erat,
1552 1442 1601 1515 ad
1614 1441 1883 1539 explorandam
1903 1443 2068 1517 numinis
2185 1432 2189 1440 ’

394 1575 627 1647 voluntatem
661 1573 824 1646 sortibus
856 1582 1059 1645 uterentur.
1117 1568 1221 1659 Quae
1248 1572 1362 1645 etiam
1387 1572 1419 1644 si
1446 1594 1493 1644 ex
1518 1580 1609 1643 voto
1637 1569 1870 1661 ceciderunt,
1903 1540 2074 1669 auspicia

397 1713 523 1774 tamen
538 1699 658 1773 adbuc
674 1699 911 1775 observanda
930 1712 1044 1773 erant.
1083 1696 1178 1771 Nam
1199 1724 1288 1773 sane
1302 1698 1383 1772 fieri
1395 1699 1529 1797 potuit,
1549 1698 1614 1771 ubi
1628 1698 1708 1795 jam
1729 1699 1887 1773 concilia
1903 1699 2069 1773 ineunda

400 1840 523 1921 erant,
562 1840 605 1901 nt
643 1828 722 1903 avis
770 1826 952 1925 quaedam
993 1828 1141 1901 sinistra
1180 1837 1245 1901 aut
1281 1827 1576 1925 praetervolas-et
1606 1839 1671 1900 aut
1700 1826 1901 1918 infaustam
1932 1852 2068 1903 vocem

396 1955 526 2029 ederet
564 1968 628 2029 aut
666 1954 825 2053 deniqne
865 1956 966 2029 aliud
998 1956 1086 2058 quid
1120 1956 1221 2029 malo
1256 1956 1380 2029 omine
1413 1954 1599 2029 accideret
1612 1942 1638 2044 ;'
1660 1964 1740 2027 tum
1775 1966 1875 2049 certe
1900 1957 2005 2029 nulla
2029 1957 2069 2029 in
2140 2031 2181 2061 7·

396 2083 560 2160 cundem
597 2083 697 2157 diem
722 2084 853 2157 baberi
878 2085 1001 2181 potuit
1027 2084 1261 2157 consultatio.
1313 2082 1417 2172 Quae
1445 2084 1544 2156 enim
1570 2082 1723 2157 fortu’to
1750 2109 1873 2183 neque
1898 2084 1976 2158 ullo
2002 2085 2069 2159 hu·

395 2236 511 2285 mano
544 2211 713 2320 instituto
747 2213 971 2286 eveniebant
1002 2224 1039 2285 et
1066 2210 1312 2314 audiebantur
1345 2224 1409 2284 aut
1442 2211 1783 2308 conspiciebantur,
1823 2236 1935 2287 voces
1966 2214 2065 2311 ipso·

276 2395 283 2418 .
396 2362 479 2412 rum
506 2338 663 2418 deornm
690 2364 732 2412 aa
759 2339 937 2414 divinitus
965 2340 1064 2414 edita
1091 2364 1285 2439 supremae
1312 2340 1516 2413 voluntatis
1540 2339 1680 2413 indicia
1704 2364 1787 2413 esse
1809 2341 2069 2435 credebantur,
2097 2331 2111 2410 l

396 2468 536 2566 quibus
562 2466 665 2542 dubii
697 2468 791 2541 nihil
823 2469 965 2557 inerat3
1006 2494 1100 2565 quae
1134 2470 1246 2569 igitur
1277 2470 1380 2542 nulla
1411 2468 1718 2567 interpretatione
1744 2469 1983 2569 indigebant,
2022 2494 2070 2544 eo

396 2595 609 2695 diligentius
636 2608 761 2669 autem
789 2597 1025 2670 observanda
1051 2608 1088 2671 et
1114 2596 1369 2699 exspectanda
1395 2609 1510 2670 erant.
1563 2592 1686 2685 Quare
1705 2598 1797 2671 illud
1819 2596 1919 2694 quod
1932 2596 2070 2672 deinde

396 2723 444 2796 de
472 2748 652 2821 equorum
676 2726 880 2823 praesagiis
907 2724 1006 2823 apud
1033 2723 1241 2801 Germanos
1267 2726 1477 2800 observatis
1502 2728 1618 2799 refert
1643 2724 1803 2818 Tacitus,
1837 2727 1891 2801 ite
1915 2727 2070 2806 minimo

395 2853 537 2928 institui
561 2865 726 2951 poterat,
751 2865 794 2928 ut
820 2851 873 2928 illi
900 2880 1005 2930 sacro
1038 2857 1161 2929 currui
1181 2857 1428 2955 jungerentur
1447 2881 1492 2929 eo
1513 2857 1670 2930 oonsilio
1689 2866 1732 2929 ut
1749 2856 1894 2930 tamdiu
1914 2858 2082 2954 circunq'

397 2980 639 3074 ducerentur,
677 2981 765 3083 dum
798 2981 989 3058 hinnirent
1022 2995 1086 3058 aut
1115 2985 1334 3078 fremerent,
1378 3007 1500 3081 neque
1542 2984 1741 3058 concilium
1773 2985 1907 3069 initum
1943 3010 2068 3082 neque

397 3109 598 3208 quidquam
625 3084 800 3208 coeptum
826 3112 874 3185 sit
899 3123 1019 3189 antea.
1072 3109 1170 3201 Quid
1196 3115 1306 3211 enim,
1334 3113 1595 3187 sitacebant?
1634 3112 1809 3186 Tacendo
1831 3137 1922 3187 sane
1943 3137 2066 3211 neque

397 3239 647 3336 aquimolum
672 3262 794 3336 neque
820 3239 943 3313 ululae
968 3241 1110 3314 bonum
1123 3214 1303 3338 'unquam'
1329 3241 1525 3315 ediderunt
1545 3266 1665 3314 omen.
1704 3240 1938 3316 Describitur
1955 3243 2070 3341 igitur

393 3391 533 3464 pompa
559 3368 702 3464 aliqua,
729 3366 775 3440 ¹id
802 3366 900 3465 qnod
929 3393 1045 3441 unum
1070 3380 1204 3462 restat,
1235 3369 1424 3466 quomodo
1450 3393 1531 3444 rem
1555 3371 1666 3443 nobis
1692 3371 1947 3444 informemus.
2000 3369 2067 3446 Su·

395 3517 540 3568 mamus
566 3519 719 3568 necesse
747 3507 804 3568 est
828 3496 918 3594 ipsis
946 3495 1078 3570 diebus
1103 3497 1359 3595 festis-quum
1378 3471 1534 3570 deorum
1562 3480 1982 3590 sacra'celebrarentnr,
2009 3525 2068 3574 sar

395 3647 481 3696 cros
516 3648 658 3696 currus·
676 3635 806 3698 vectos
840 3624 945 3722 equis
977 3624 1049 3700 illis
1077 3601 1263 3719 candidis,
1296 3626 1358 3723 qui
1382 3625 1532 3718 iisdem,
1569 3652 1663 3724 quae
1697 3652 1812 3725 supra
1841 3631 2067 3704 memoravit

394 3747 562 3842 Tacitus,
602 3752 821 3824 nemoribus
848 3777 890 3824 ac
914 3753 1008 3828 lucis
1034 3754 1182 3850 publice
1207 3755 1311 3827 nullo
1345 3753 1494 3827 mortali
1528 3780 1643 3853 opere
1670 3756 1832 3829 contacti
1858 3756 2065 3851 alebantur,

396 3875 576 3952 deductos
612 3903 694 3952 esse
730 3879 994 3957 comitantibus
1027 3906 1092 3955 eos
1126 3905 1377 3980 pompamque
1417 3882 1638 3958 ducentibus
1671 3883 1866 3958 sacerdote
1897 3909 1940 3958 ac
1974 3909 2065 3985 rege

395 4005 457 4076 vel
494 4007 661 4106 principe
703 4007 862 4082 civitatis
902 4034 945 4082 ac
984 4010 1235 4107 subsequente
1268 4011 1389 4109 plebis
1424 4012 1581 4108 agmine.
1633 4011 1721 4085 dam
1751 4037 1842 4087 vero
1875 4014 1941 4087 ubi
1966 4014 2066 4088 forte
2163 4070 2184 4099 μ

397 4155 577 4228 equorum
603 4135 773 4210 fremitus
801 4149 838 4210 et
863 4135 1028 4210 hinnitus
1055 4137 1286 4243 audiebatur,
1310 4140 1337 4212 ii
1363 4138 1631 4215 faustissimum
1651 4140 1774 4214 facere
1794 4141 1999 4239 auspicium
2012 4141 2066 4217 vi·

397 4257 477 4332 deri
508 4274 700 4360 poterant,
742 4263 841 4361 quod
882 4276 919 4337 et
950 4265 1225 4340 nobilissimum
1258 4279 1296 4340 ct
1327 4268 1600 4344 sanctissimum
1633 4267 1799 4341 omnium
1831 4294 1909 4343 non
1941 4270 2065 4346 solum

397 4387 496 4485 apud
528 4389 693 4486 plebem,
726 4382 792 4464 sbd
825 4391 924 4490 apud
957 4419 1148 4492 proceres,
1190 4394 1288 4492 apud
1320 4396 1535 4471 sacerdotes
1566 4396 1776 4470 haberetur.
1827 4395 1977 4471 Etenim
2010 4424 2065 4473 se·

395 4515 560 4593 cundum
597 4517 712 4618 ipsius
746 4517 862 4594 Taciti
900 4521 1018 4596 verba
1057 4524 1095 4595 in
1125 4523 1197 4596 hac
1231 4549 1273 4609 re
1305 4525 1542 4622 potissimum
1576 4525 1622 4598 de
1658 4522 1727 4598 diis
1762 4523 1834 4599 illis
1868 4527 2065 4626 supremis,

394 4643 595 4737 Mercurio,
629 4646 789 4739 Hercule
824 4658 861 4721 et
885 4646 1004 4723 Marte
1038 4651 1142 4748 quasi
1176 4653 1329 4750 auspicii
1361 4655 1574 4729 auctoribus
1601 4654 1846 4752 cogitandum
1869 4666 1934 4730 est
1986 4651 2063 4726 Sos

395 4799 477 4847 mus
506 4799 553 4847 ex
580 4773 652 4847 alio
680 4775 868 4848 annalium
893 4777 977 4851 loco
1003 4775 1110 4872 XIII,
1149 4781 1195 4852 57
1216 4778 1331 4881 Marti
1359 4792 1397 4855 et
1419 4779 1604 4856 Mercurio
1622 4775 1749 4880 'equos
1774 4785 1889 4858 fuisse
1916 4805 2065 4874 sacros;

509 4954 515 4982 ¹
540 4951 579 5002 lle
598 4952 648 5002 boc
667 4953 724 5003 ilde
743 4955 818 5003 intra.
