4784 5675
1194 394 1239 465 16

382 639 470 715 non,
499 637 539 698 ut
566 624 712 697 cuidam
739 623 860 696 visum
888 625 987 713 est,1
1018 622 1111 695 alius
1139 642 1220 695 esse
1246 633 1389 718 potest,
1423 646 1533 720 quam
1565 648 1677 720 quem
1702 625 1822 722 eapite
1847 628 1958 700 tertio
1984 626 2048 700 vel

384 754 573 827 annalium
605 753 690 824 loco
724 748 769 841 II,
806 754 850 823 12
883 762 1089 841 memorat3
1130 775 1176 827 au
1212 749 1306 822 adeo
1337 751 1533 849 imperitos
1560 753 1749 851 religionis
1775 749 2046 829 Gennanorum

384 879 574 955 Romanos
611 891 648 952 et
681 879 954 952 inconstantem
989 903 1118 951 eorum
1150 880 1494 975 interpretationem
1534 881 1737 977 putemus?
1799 880 1927 980 Neque
1960 910 2047 981 quo·

382 1008 484 1082 niam
516 1007 696 1081 Hercules
736 1008 876 1105 primus
915 1008 1082 1079 omnium
1120 1008 1327 1080 virorum
1365 1008 1551 1082 fortium²
1579 1009 1730 1102 dicitur,
1770 1036 1854 1083 eum
1894 1013 2047 1085 heroem

384 1140 497 1213 fuisse
531 1139 724 1235 quisquam
760 1136 943 1207 affirmare
974 1135 1122 1241 poterit,
1155 1136 1227 1208 nisi
1254 1137 1327 1233 qui,
1354 1136 1384 1209 si
1411 1137 1492 1234 quis
1512 1135 1700 1211 Venerem
1727 1140 1893 1213 omnium
1918 1141 2045 1213 mulie-

383 1292 465 1341 rum
505 1266 813 1340 formosissimam
839 1263 992 1355 dixerit,
1033 1289 1116 1336 eam
1149 1290 1295 1361 quoque
1327 1291 1395 1362 pro
1423 1265 1578 1338 heroina
1602 1266 1765 1339 habebit.
1830 1265 1905 1340 Sed
1932 1269 2045 1341 etiam

384 1393 585 1470 Grimmins
622 1408 707 1467 eum
739 1394 835 1466 inter
869 1392 1003 1465 heroes
1035 1405 1185 1503 nostros
1218 1394 1359 1489 posuit,
1399 1392 1499 1489 quod
1524 1420 1601 1467 uon
1628 1395 1750 1467 solum
1776 1408 1902 1492 aperte
1928 1394 2047 1469 Taciti

386 1524 512 1598 verbis
539 1550 569 1596 c.
597 1526 618 1595 3
646 1533 840 1619 repugnat,
873 1546 1004 1595 verum
1031 1524 1143 1594 etiam
1169 1522 1226 1594 vir
1253 1520 1488 1595 doctissimus
1513 1548 1591 1596 non
1618 1521 1872 1597 considerasse
1898 1523 2046 1597 videtur
2077 1564 2082 1572 ·

384 1652 423 1725 id
459 1651 560 1749 quod
592 1652 680 1724 satis
714 1662 844 1723 notum
880 1661 954 1741 est,
993 1649 1192 1723 Herculem
1226 1650 1325 1747 apud
1355 1634 1469 1723 Italos
1503 1676 1546 1723 ac
1572 1648 1762 1725 Romanos
1787 1676 1865 1724 non
1891 1652 2044 1726 heroem

384 1793 426 1857 ut
451 1779 550 1878 apud
564 1776 738 1869 Graecos,
766 1777 832 1853 sed
859 1777 971 1853 deum
998 1789 1036 1852 et
1061 1778 1209 1874 quidem
1237 1778 1532 1876 antiquissimum
1558 1791 1596 1853 et
1620 1779 1893 1853 nobilissimum
1917 1780 2043 1855 firisse.

383 1906 507 1999 Quare
534 1934 647 2005 quum
675 1904 946 1981 Germanorum
972 1906 1151 1979 Hercules
1180 1909 1331 1981 omnino
1358 1908 1455 1981 inter
1481 1932 1726 1999 summorum,
1766 1908 1829 2005 qui
1854 1908 1952 2005 apud
1978 1934 2043 1982 eos

276 2068 282 2075 ·
384 2038 613 2131 colebantur,
642 2035 797 2108 deorum
822 2062 1018 2109 numerum
1044 2034 1325 2135 investigandus
1350 2036 1408 2129 sit,
1434 2036 1506 2108 hoc
1525 2062 1641 2108 unum
1660 2048 1785 2128 restat,
1811 2048 1853 2109 ut
1872 2033 2043 2132 Caeparis

383 2164 541 2257 Zeussii,
577 2164 704 2239 eximii
729 2164 814 2259 viri,
855 2164 1022 2261 opinioni
1048 2163 1282 2258 accedamus,
1322 2165 1384 2261 qui
1409 2165 1447 2237 in
1472 2164 1568 2237 libro
1595 2190 1663 2239 suo
1690 2164 1736 2237 de
1763 2162 1957 2239 Germanis
1983 2189 2043 2237 eo·

383 2318 538 2389 rumque
569 2293 699 2367 vicinis
731 2292 945 2370 nationibus
977 2318 1011 2389 p.
1047 2295 1092 2365 25
1129 2317 1214 2365 eum
1247 2290 1456 2367 Tonantem
1487 2291 1742 2391 (Thunarcm)
1775 2318 1856 2366 esse
1889 2294 2041 2387 censuit,

382 2443 503 2519 neque
537 2448 580 2495 ea
612 2420 795 2495 sententia
821 2417 1001 2493 Grimmio
1036 2421 1173 2521 (myth.
1201 2421 1298 2518 338)
1324 2420 1472 2495 videtur
1496 2420 1744 2518 improbanda
1759 2424 1790 2494 ³.
1842 2420 1929 2495 dam
1953 2422 2040 2496 taci-

382 2561 465 2624 teae
491 2550 660 2649 trilogiae
686 2547 858 2622 Mercurii
875 2546 1045 2621 Herculis
1059 2548 1259 2646 Martisque
1286 2550 1371 2642 illa,
1386 2575 1491 2647 quae,
1518 2560 1597 2623 erat
1609 2547 1838 2623 Francorum
1850 2546 2041 2623 Ribuario-
2120 2532 2127 2549 x

383 2704 483 2763 rum:
534 2676 686 2751 Thuner
719 2656 813 2750 ende
845 2675 992 2751 Wtdau
1026 2676 1120 2751 ende
1156 2674 1315 2770 Saxnbt,
1347 2702 1499 2774 prorsus
1530 2677 1733 2775 respondet
1765 2688 1924 2775 apteque
1955 2704 2040 2753 con·
2112 2693 2131 2768 j

222 2898 225 2907 Ι
283 2871 285 2876 .
383 2808 540 2882 veniunt
563 2807 678 2905 longo
704 2794 915 2904 temporum
940 2804 1137 2898 intervallo
1164 2804 1339 2920 discreta,¹
1362 2832 1474 2906 quum
1501 2807 1613 2885 etiam
1638 2803 1806 2902 Tacitum
1831 2805 1968 2880 librum
1994 2805 2040 2880 de

382 2934 584 3015 Germania
610 2935 907 3010 conscribentem
933 2937 1098 3008 maxime
1121 2931 1367 3010 Isoaevonum
1391 2937 1549 3034 populos
1569 2935 1703 3009 Rheno
1723 2937 1926 3034 proximos,
1953 2962 2041 3034 quo·

382 3090 465 3140 rum
490 3090 576 3162 pars
603 3075 708 3168 erant
732 3062 875 3154 Franci,
903 3076 988 3136 ante
1018 3063 1146 3136 oculos
1172 3063 1346 3137 habuisse
1373 3077 1515 3137 certum
1532 3061 1598 3141 'sit

481 3221 659 3297 Attamen
690 3221 761 3293 viri
795 3220 894 3293 docti
929 3218 1118 3292 offendere
1151 3232 1187 3292 et
1219 3221 1378 3293 haerere
1409 3222 1532 3294 solent
1561 3223 1600 3322 in
1633 3249 1694 3313 eo,
1729 3220 1829 3318 quod
1861 3219 2040 3292 Hercules

383 3347 638 3425 Romanorum
677 3375 754 3421 non
787 3359 828 3422 ut
859 3344 1130 3421 Germanorum
1166 3347 1318 3422 Thunar
1350 3374 1417 3446 pro
1451 3350 1655 3423 tonitruum
1686 3351 1945 3448 fulgurumque
1978 3347 2042 3420 do·

383 3477 486 3550 mino
513 3477 561 3548 sit
585 3474 745 3548 habitus.
807 3473 880 3549 Sed
908 3476 1279 3552 animadvertendum
1306 3479 1461 3574 estjam
1483 3476 1648 3554 Graecos
1673 3478 1772 3576 apud
1801 3501 1930 3551 omnes
1951 3476 2041 3568 fere,

239 3596 243 3607 ’
327 3633 333 3643 ·
385 3627 604 3701 quoeunque
637 3595 824 3695 venerint,
863 3605 1077 3703 peregrinas
1109 3607 1280 3680 nationes
1315 3607 1492 3704 singulari
1523 3633 1608 3680 cum
1646 3607 1768 3707 studio
1803 3605 1849 3679 de
1882 3604 2042 3678 Hercule

384 3733 584 3830 plurimum
617 3733 861 3829 quaesivisse,
900 3733 1130 3832 multumque
1156 3745 1281 3808 tamen
1307 3735 1507 3810 abessent
1538 3735 1604 3828 dii,
1638 3760 1730 3832 quos
1765 3733 1863 3843 apud
1894 3733 2041 3831 Aegyp·

383 3860 457 3934 tios
482 3859 690 3935 Phoenices
717 3860 852 3970 Persas
878 3861 990 3937 Indos
1018 3859 1176 3962 Scythas
1203 3861 1401 3960 Gallosque
1419 3861 1571 3937 Herculi
1597 3863 1735 3938 similes
1762 3860 2041 3959 deprehendere

499 4085 507 4116 ¹
531 4084 611 4137 With.
631 4084 728 4135 lliilier
747 4085 832 4146 gesch.
852 4084 904 4134 und
923 4090 984 4146 syn.
1006 4099 1031 4147 p.
1052 4083 1114 4134 lt·

497 4213 510 4244 '
530 4213 700 4275 Quaerens
719 4214 875 4275 interpretes
894 4213 942 4261 hoc
961 4212 1036 4263 inodo
1056 4214 1141 4263 soient
1160 4215 1285 4265 reddere:
1307 4216 1376 4280 „Sic
1396 4217 1519 4279 besingcn
1539 4216 1582 4264 ihu
1601 4219 1678 4264 untcr
1695 4213 1761 4272 (sire
1776 4212 1838 4274 ron)
1858 4215 1925 4263 alien
1940 4213 2042 4276 raptem
2138 4244 2140 4247 -

376 4281 512 4356 'minuere
537 4310 624 4356 auersi
648 4305 715 4354 heim
735 4304 858 4354 rusziein
877 4303 903 4352 in
924 4303 965 4352 die
985 4301 1128 4354 schlucht‘t
1166 4305 1241 4366 Quod
1260 4317 1312 4370 quo
1331 4308 1408 4356 ruodo
1427 4306 1622 4368 intelligendum
1640 4307 1683 4368 sit,
1704 4305 1888 4367 prolectante
1907 4317 2041 4369 assequor,

387 4394 438 4444 uisi
465 4395 530 4446 [orta
549 4395 643 4457 uliquis
663 4395 779 4457 ineptum
799 4395 866 4445 hunc
885 4405 992 4444 sensum
1013 4395 1098 4444 inesse
1118 4395 1196 4444 velit:
1228 4395 1373 4446 Germanos
1391 4397 1418 4445 in
1437 4397 1533 4458 proclia
1551 4397 1632 4446 ituros
1651 4397 1728 4445 etiarn
1748 4400 1806 4456 post
1824 4394 1962 4445 Herculem
1982 4395 2042 4444 lou·
2139 4455 2143 4461 .

387 4497 446 4548 gum
466 4479 574 4536 alioruin
592 4487 704 4536 virorum
724 4485 826 4535 tortium
847 4485 940 4534 seriem
960 4485 1072 4534 carmine
1092 4492 1240 4547 persecutos
1260 4498 1326 4536 ease.
1365 4487 1445 4547 Igitur
1463 4486 1567 4536 Tacitus
1586 4487 1634 4536 hoc
1653 4487 1708 4536 loro
1725 4487 1804 4536 verbo
1823 4486 1947 4547 primus
1966 4484 2041 4546 paulo

388 4575 541 4626 insolentius
559 4589 611 4626 non
631 4576 663 4626 de
683 4582 812 4640 tempore,
841 4575 887 4626 sed
915 4575 947 4626 de
966 4573 1055 4624 ordine
1073 4584 1137 4626 usus
1156 4583 1214 4640 est3
1241 4577 1413 4638 similiterque
1431 4582 1458 4626 et
1475 4578 1636 4639 princeps
1654 4577 1687 4626 de
1706 4581 1823 4638 tempore
1840 4579 1987 4639 usurpatur,
2007 4573 2040 4623 cl.

387 4666 460 4716 Kritz
479 4667 511 4717 ad
530 4665 592 4716 Sall.
605 4661 722 4730 luel&
743 4667 814 4716 locus
834 4671 921 4716 autern
942 4666 1080 4716 vertendus
1099 4672 1156 4717 est:
1187 4666 1258 4731 „Sic
1277 4669 1400 4729 besiugen
1425 4667 1468 4718 ihu
1489 4668 1596 4718 aledea
1615 4673 1702 4718 ersten
1722 4667 1786 4716 aiter
1804 4666 1905 4729 tapiern
1924 4665 2040 4729 minner,

385 4770 460 4808 rena
479 4758 517 4808 sie
536 4757 562 4806 iu
582 4755 623 4806 dic
642 4758 757 4808 schiacht
776 4753 879 4807 ziehn“.
919 4758 990 4807 inest
1009 4757 1165 4819 comparatio
1184 4758 1310 4818 quaedam
1329 4759 1377 4807 hor
1398 4757 1453 4807 ioco
1471 4760 1613 4820 aptissima.

498 4885 509 4918 ⁸
531 4883 570 4934 Gi.
591 4885 667 4934 etiam
687 4885 766 4936 With.
787 4886 893 4937 Miillcri
911 4886 998 4949 gesch.
1018 4885 1070 4935 und
1090 4891 1151 4946 syst.
1174 4899 1199 4948 p.
1219 4880 1280 4935 alt.
