4784 5675
1192 381 1239 451 14

1058 484 1077 492 η.
1087 484 1363 493 ---—-——-—-..

379 630 487 681 sacra
505 616 546 679 ut
558 630 625 704 par
640 615 722 677 erat
733 604 857 677 media
871 606 960 699 acie,
986 606 1220 681 nobilissimo
1234 608 1536 706 circumstipante
1550 634 1681 703 cuneo,
1694 623 1876 710 tanquam
1889 638 1912 687 a
1925 615 2041 689 choro

377 735 661 825 deducerentur,
688 742 730 806 ut
754 732 910 805 totidem
934 756 1092 831 pompae
1112 736 1281 827 bellicae,
1309 749 1401 833 quot
1427 748 1570 835 gentes,
1602 737 1734 813 adesse
1762 738 1985 815 viderentur.

479 862 565 937 dam
597 886 687 935 vero
722 861 831 935 simul
863 874 972 958 atque
1007 863 1190 937 exercitus
1218 863 1289 937 1111
1315 862 1429 937 modo
1455 865 1656 940 instructus
1681 867 1817 965 pedem
1841 872 2039 967 promovit,

380 992 554 1065 miilieres
591 992 771 1087 liberique
812 1015 833 1061 a
866 1002 972 1088 tergo
1005 992 1118 1087 positi
1149 992 1330 1065 ululatum
1363 993 1605 1085 sustulerunt,
1645 996 1714 1068 viri
1740 1008 1866 1071 autern
1891 1011 2040 1074 cantura

379 1118 573 1218 (11111111,
611 1122 667 1193 18.
702 1116 826 1193 Germ.
860 1142 889 1189 c.
918 1121 951 1190 3.
979 1122 1012 1190 7.
1051 1119 1095 1191 cf.
1123 1142 1207 1191 ann.
1233 1119 1307 1213 IV,
1339 1125 1397 1194 47.
1431 1122 1516 1195 hist
1542 1121 1594 1214 Π,
1627 1125 1712 1223 21).
1773 1124 1946 1200 Ululatus
1976 1128 2038 1201 ille

377 1254 514 1343 11111γῆ
538 1272 675 1340 sacrae,
715 1270 826 1344 quam
854 1246 1029 1320 muheres
1054 1272 1211 1347 graecae
1238 1274 1348 1346 super
1373 1250 1562 1324 victimam
1594 1251 1716 1349 modo,
1734 1278 1883 1327 caesam
1915 1256 2037 1329 facere

237 1465 241 1474 Ι
295 1438 298 1453 .
377 1375 551 1449 solebant
568 1378 599 1467 1,
634 1372 907 1473 comparandus
935 1388 1015 1465 est;
1054 1376 1166 1449 etiam
1191 1375 1376 1476 Erinnyes
1409 1390 1447 1451 et
1476 1378 1641 1452 bacchae
1665 1406 1871 1479 magaeque
1895 1384 2040 1457 ululare

378 1502 565 1596 dicuntum,
598 1528 719 1601 neque
750 1514 791 1575 11
824 1503 973 1607 quidam
1003 1516 1196 1602 putarunt,
1227 1504 1410 1590 hocloco
1438 1505 1484 1579 de
1511 1508 1735 1581 carminibus
1760 1508 2040 1610 111ςί1111131-

375 1631 532 1706 tandum
559 1644 631 1723 est,
666 1631 733 1705 sed
763 1656 877 1705 voces
904 1644 1011 1705 erant
1037 1633 1180 1706 subitae
1208 1643 1245 1705 et
1270 1632 1499 1725 inconditae,
1534 1636 1666 1731 quibus
1692 1636 1856 1710 feminae
1879 1639 2038 1713 fortasse

377 1761 543 1834 virorum
579 1760 703 1833 111111
734 1759 1010 1856 quodammodo
1023 1760 1250 1859 respondere
1275 1762 1487 1858 potuissent
1500 1764 1533 1855 ²,
1560 1763 1693 1859 quibus
1718 1775 1845 1838 tamen
1870 1767 1937 1839 vix
1962 1793 2038 1841 am-

376 1890 473 1987 plius
509 1888 709 1985 quidquam
738 1888 939 1961 voluerunt
972 1912 1082 1986 quarn
1117 1890 1188 1963 viri
1214 1890 1385 1963 clamore.
1437 1890 1565 1988 Ipsum
1589 1908 1679 1964 vero
1706 1892 1907 1965 clamorem
1931 1894 2038 1966 belli·

377 2040 462 2091 cum
495 2016 789 2089 Alamannorum
829 2028 866 2089 et
899 2014 1091 2105 Saxonum
1121 2018 1342 2093 Ammianus
1373 2016 1644 2093 Μ11111111118
1679 2031 1832 2117 postero
1870 2033 2038 2119 tempore

377 2143 558 2220 ululatum
592 2169 738 2241 quoque
771 2143 867 2219 dixit
896 2148 1108 2245 lugubrem,
1142 2160 1178 2221 et
1204 2142 1336 2220 Graeci
1370 2147 1416 2220 de
1451 2146 1582 2221 eadem
1607 2172 1647 2219 re
1674 2149 1798 2221 verbis
1825 2152 1978 2243 ὀλολύζειν
1999 2160 2039 2222 11

377 2272 548 2363 ἀλαλάζειν
573 2274 784 2371 promiscue
809 2284 963 2347 utuntur
990 2273 1068 2372 (Ea.
1095 2272 1297 2373 Spanheim
1324 2276 1371 2349 ad
1396 2272 1532 2350 Julian.
1559 2300 1594 2373 p.
1614 2274 1714 2373 233).
1765 2273 1890 2349 Semel
1913 2289 2039 2351 tamen

376 2399 598 2474 Ammianus
624 2402 645 2452 4
673 2399 882 2476 Gothorum
911 2428 1077 2501 pugnam
1109 2404 1209 2502 apud
1238 2404 1510 2502 Adrianopolin
1545 2404 1873 2503 (13781011.)
1909 2430 2039 2504 parau-

377 2529 469 2601 tium
497 2540 648 2602 cantum
675 2530 892 2603 contemtim
917 2532 1099 2604 ululatum
1125 2530 1273 2605 videtur
1291 2532 1522 2629 appellasse;
1562 2542 1692 2606 cantus
1719 2546 1842 2607 autem
1875 2535 2039 2608 11111111

377 2658 517 2755 aliquid
547 2658 666 2755 majus
700 2670 794 2751 erat,
827 2668 923 2732 teste
950 2656 1078 2733 Tacito
1114 2670 1151 2733 11
1181 2662 1263 2759 ipso
1289 2660 1499 2733 Ammiano.
1550 2658 1617 2733 Ille
1643 2662 1743 2738 enim
1769 2660 1976 2737 Germanos
2000 2665 2039 2735 in

376 2786 563 2885 proelium
587 2786 705 2860 ituros
725 2782 925 2861 Herculem
951 2787 1113 2886 primum
1139 2788 1306 2862 omnium
1330 2789 1498 2863 virorum
1522 2788 1684 2883 fortium,
1712 2790 1771 2864 hic
1792 2789 1938 2867 Gothos
1963 2817 2037 2866 ma

371 2916 500 3013 {orum
535 2913 667 2988 laudes
700 2916 878 2990 cecinisse
905 2918 1028 2992 refert
1089 2915 1190 3006 Quae
1217 2943 1307 2992 vere
1333 2918 1497 2991 carmina
1521 2919 1635 2993 fuisse
1661 2945 1731 2994 nec
1756 2945 1876 2994 voces·
1894 2933 2040 2996 tanturn

378 3067 489 3116 nemo
517 3042 679 3141 negabit
730 3041 859 3142 Neque
886 3046 979 3120 haec
997 3047 1171 3125 ‘carmina
1196 3071 1281 3119 cum
1306 3041 1483 3120 brevibus
1508 3047 1582 3121 illis
1608 3050 1811 3142 cantilenis,
1838 3049 1884 3122 de
1906 3051 2038 3146 quibus
2059 3037 2064 3046 ¹

378 3195 490 3269 supra
516 3169 744 3269 disputatum
772 3185 839 3266 est,
865 3175 1025 3246 conferri
1051 3186 1219 3271 possunt,
1247 3173 1313 3247 sed
1338 3173 1531 3250 fitendum
1557 3186 1613 3249 est
1641 3173 1849 3250 Germanos
1873 3177 1958 3248 illos
1971 3175 2038 3248 Ta·
2119 3197 2124 3204 ·

379 3300 443 3373 citi
476 3325 598 3396 neque
624 3299 825 3374 Herculem
858 3303 1024 3374 omniurn
1056 3305 1224 3376 virorum
1257 3303 1499 3375 fortissimum
1525 3304 1712 3376 celebrare
1744 3329 1865 3401 neque
1893 3302 2038 3378 Gothos

377 3430 539 3527 majores
566 3455 654 3502 suos
679 3429 831 3502 laudare
857 3431 1036 3528 potuisse,
1062 3433 1134 3506 nisi
1159 3431 1294 3505 fabulis
1313 3443 1427 3528 atque
1444 3431 1635 3528 exemplis.
1675 3430 1892 3506 Cavendum
1910 3443 2039 3505 tamen
2129 3466 2133 3486 ν

379 3569 446 3649 est,
472 3581 520 3630 11
543 3581 587 3630 11
607 3557 771 3630 carmina
788 3583 860 3654 pro.
878 3583 966 3632 vere
988 3559 1100 3657 epicis
1123 3561 1340 3634 habeantur.
1367 3557 1509 3648 Quibus
1524 3585 1613 3633 sane
1626 3584 1747 3655 neque
1759 3558 1935 3632 narrandi
1953 3559 2038 3632 stilo

378 3709 499 3782 neque
520 3697 740 3784 argumento
756 3687 840 3783 jure
855 3687 1017 3762 conferri
1029 3701 1212 3786 poterant.
1239 3687 1388 3761 Etenim
1401 3687 1535 3762 fabulis
1551 3689 1663 3786 epicis
1678 3710 1824 3785 semper
1838 3686 1976 3783 aliquid
1990 3711 2039 3759 ex

380 3813 536 3888 historia
555 3813 762 3888 admixtum
784 3826 850 3906 est,
878 3828 915 3890 et
937 3817 1082 3890 etiamsi
1102 3816 1350 3891 demonstrari
1369 3817 1506 3912 poterit
1515 3817 1593 3914 jam
1605 3817 1795 3890 Ammiani
1809 3826 1931 3888 aetate
1942 3815 2040 3890 inter

495 4036 503 4067 ¹
526 4036 559 4086 li.
580 4037 621 4086 Fr.
642 4036 789 4088 flcrrmann
808 4007 996 4100 gottesdiensti.
1017 4039 1187 4090 alterttiimer
1205 4038 1219 4104 ξ
1237 4035 1282 4103 18,
1304 4034 1348 4089 17.

491 4165 505 4196 ¹
526 4163 574 4214 cr.
594 4164 669 4216 Woii
686 4164 752 4215 iiber
771 4165 813 4215 dia
833 4164 882 4214 lais
902 4179 926 4227 p.
946 4161 979 4216 al
1001 4179 1059 4228 squ.
1082 4160 1142 4216 189.
1162 4167 1350 4230 Wackernagel
1369 4127 1590 4217 altltanr..lieder
1610 4180 1634 4228 p.
1656 4153 1717 4218 901.

493 4291 595 4358 Ι1171,
618 4288 660 4358 11,
680 4288 707 4343 8.
736 4293 858 4358 xxiiii,
879 4290 904 4358 5,
925 4291 950 4344 6.
979 4295 1075 4360 XXXI,
1096 4292 1342 4360 1111111111
1367 4298 1445 4347 variis
1472 4297 1577 4345 vocibus
1602 4297 1755 4345 sonantibus
1780 4302 1878 4346 torvum
1898 4302 1925 4346 at
1943 4295 2043 4347 Sidonii

334 4371 341 4384 '
380 4377 539 4442 Apollinaris
559 4393 637 4434 carm.
658 4381 691 4447 V,
712 4385 756 4434 ubi
775 4383 806 4434 de
826 4383 969 4436 Vandalis:
989 4385 1024 4435 At
1044 4387 1118 4436 turba
1138 4389 1264 4436 terrisono
1283 4387 1393 4449 strepuit
1411 4395 1487 4448 grave
1506 4396 1583 4435 rauca
1602 4385 1708 4448 tragore.

492 4511 505 4543 ⁴
526 4511 620 4578 mi,
643 4507 685 4572 la,
701 4508 752 4562 ll:
783 4510 870 4573 Atque
894 4519 928 4562 ut
953 4526 1021 4562 mos
1046 4521 1097 4564 est
1121 4517 1236 4566 ululante
1256 4517 1365 4566 barbara
1383 4515 1459 4578 plebe
1485 4514 1567 4563 lerum
1588 4520 1614 4564 et
1634 4516 1716 4577 triste,
1736 4515 1845 4565 Romani
1863 4517 1942 4567 duces
1961 4514 2043 4562 aciem

381 4605 506 4650 struxere.
544 4601 645 4663 Quibus
670 4602 789 4652 conteras
815 4615 880 4664 quae
908 4615 937 4652 11
963 4615 1029 4654 anuo
1055 4605 1223 4655 antecedente
1247 4602 1343 4670 mi,
1362 4599 1396 4670 7,
1423 4599 1454 4654 11
1475 4603 1507 4655 de
1526 4603 1618 4655 iisdem
1638 4602 1730 4655 Gothis
1749 4612 1853 4655 narrat:
1881 4603 1916 4655 At
1934 4603 2043 4653 Romani

382 4687 486 4750 aridem
511 4701 572 4740 rosc
596 4692 710 4752 undique
733 4693 825 4743 martia
851 4695 1016 4743 concinentes
1043 4707 1056 4743 e
1082 4695 1182 4746 trinorc
1206 4696 1281 4745 solita
1308 4697 1346 4746 ad
1367 4695 1494 4756 1111111111
1511 4693 1629 4758 protolli,
1654 4703 1738 4766 11111
1751 4697 1892 4758 resudare
1911 4694 2043 4756 adpellant

279 4826 285 4836 ,
382 4779 565 4845 barritum,
586 4781 654 4830 vires
672 4784 769 4834 validas
789 4784 930 4847 erigebant.
968 4781 1074 4833 Barbari
1093 4797 1153 4835 vero
1172 4786 1200 4850 (l.
1217 4797 1240 4834 a.
1254 4785 1331 4835 Gothi
1343 4782 1484 4848 malgerus
1501 4782 1580 4850 daea)
1597 4787 1758 4847 maiorum
1777 4783 2042 4834 1111111111-

382 4872 476 4922 ribus
495 4869 690 4921 stridebant
709 4874 864 4939 inconditis,
884 4875 1001 4936 interque
1020 4876 1105 4924 rarius
1124 4876 1251 4925 sermonis
1270 4876 1368 4926 dissoni
1387 4876 1511 4938 atrapltua
1529 4876 1623 4926 leviora
1642 4877 1739 4938 proclia
1758 4875 1929 4923 mutabantur.
2018 4889 2022 4900 ·
